symbol,isin,trade_date,exchange,segment,series,trade_type,auction,quantity,price,trade_id,order_id,order_execution_time
TATACOMM,INE151A01013,2025-04-15,NSE,EQ,EQ,buy,false,1.000000,1559.900024,601471877,1300000008479781,2025-04-15T09:39:41
TATACOMM,INE151A01013,2025-04-15,NSE,EQ,EQ,buy,false,1.000000,1559.900024,601471878,1300000008479781,2025-04-15T09:39:41
KPITTECH,INE04I401011,2025-04-15,BSE,EQ,A,buy,false,5.000000,1155.800049,2559300,1744689766285243570,2025-04-15T09:39:56
SRESTHA,INE606K01049,2025-04-15,BSE,EQ,X,buy,false,600.000000,0.560000,4071600,1744687800001450310,2025-04-15T10:15:43
AWHCL,INE01BK01022,2025-04-15,NSE,EQ,EQ,buy,false,1.000000,509.000000,2924824,1000000021761143,2025-04-15T11:00:31
BAJAJHFL,INE377Y01014,2025-04-15,NSE,EQ,EQ,buy,false,2.000000,125.099998,2931167,1000000021808248,2025-04-15T11:00:50
BAJAJHFL,INE377Y01014,2025-04-16,NSE,EQ,EQ,buy,false,8.000000,131.089996,3452698,1000000029150313,2025-04-16T12:14:56
IREDA,INE202E01016,2025-04-16,BSE,EQ,A,buy,false,6.000000,177.149994,12159600,1744782988930834869,2025-04-16T12:15:08
APOLLO,INE713T01028,2025-04-16,NSE,EQ,EQ,buy,false,12.000000,121.250000,3462867,1000000029249139,2025-04-16T12:15:45
KPITTECH,INE04I401011,2025-04-16,NSE,EQ,EQ,buy,false,5.000000,1150.000000,408748532,1200000070154061,2025-04-16T15:08:44
IDFCFIRSTB,INE092T01019,2025-04-16,BSE,EQ,A,buy,false,5.000000,63.110001,9190600,1744794726767352890,2025-04-16T15:09:12
EVEXIA,INE313M01030,2025-04-17,BSE,EQ,X,buy,false,80.000000,2.920000,2016900,1744860600001161567,2025-04-17T10:17:36
APOLLO,INE713T01028,2025-04-17,BSE,EQ,B,buy,false,20.000000,118.900002,16465100,1744873301689346670,2025-04-17T12:45:55
AZAD,INE02IJ01035,2025-04-17,NSE,EQ,EQ,buy,false,1.000000,1455.500000,4323894,1000000037395872,2025-04-17T12:46:19
AZAD,INE02IJ01035,2025-04-17,NSE,EQ,EQ,buy,false,1.000000,1455.500000,4323893,1000000037395872,2025-04-17T12:46:19
RPOWER,INE614G01033,2025-04-17,NSE,EQ,EQ,buy,false,20.000000,42.259998,605695933,1300000042692647,2025-04-17T12:46:57
AZAD,INE02IJ01035,2025-04-17,NSE,EQ,EQ,buy,false,2.000000,1457.199951,4347796,1000000037582641,2025-04-17T12:47:58
ATVPR,INE447A01015,2025-04-21,BSE,EQ,X,buy,false,5.000000,35.919998,3033100,1745206200018171334,2025-04-21T10:21:19
ATVPR,INE447A01015,2025-04-21,BSE,EQ,X,buy,false,15.000000,35.939999,3033300,1745206200018171334,2025-04-21T10:21:19
MOSCHIP,INE935B01025,2025-04-21,BSE,EQ,B,buy,false,1.000000,175.750000,4384300,1745212809353041562,2025-04-21T10:56:14
APOLLO,INE713T01028,2025-04-22,BSE,EQ,B,buy,false,10.000000,121.550003,4184300,1745294339530881357,2025-04-22T09:49:13
HINDCOPPER,INE531E01026,2025-04-22,BSE,EQ,A,buy,false,25.000000,223.500000,1888900,1745292600083909534,2025-04-22T10:01:42
CDSL,INE736A01011,2025-04-29,NSE,EQ,EQ,buy,false,2.000000,1357.900024,2044517,1000000017250339,2025-04-29T10:15:35
RPOWER,INE614G01033,2025-04-29,BSE,EQ,A,buy,false,14.000000,42.049999,2058000,1745897400026946593,2025-04-29T10:16:18
EVEXIA,INE313M01030,2025-05-05,BSE,EQ,X,buy,false,50.000000,2.700000,1907800,1746415800001054362,2025-05-05T10:10:26
CUBEXTUB,INE144D01012,2025-05-05,BSE,EQ,B,buy,false,20.000000,75.919998,962800,1746415800036153670,2025-05-05T10:21:53
NETWEB,INE0NT901020,2025-05-05,NSE,EQ,EQ,buy,false,1.000000,1651.099976,402214663,1200000019783301,2025-05-05T10:22:22
SRESTHA,INE606K01049,2025-05-05,BSE,EQ,X,buy,false,100.000000,0.500000,3356300,1746415800001419448,2025-05-05T10:22:47
RPOWER,INE614G01033,2025-05-05,BSE,EQ,A,buy,false,16.000000,40.490002,2508400,1746419792140099513,2025-05-05T10:23:14
ATVPR,INE447A01015,2025-05-05,BSE,EQ,X,buy,false,30.000000,32.500000,3094000,1746415800001168215,2025-05-05T11:10:42
TIPSMUSIC,INE716B01029,2025-05-12,NSE,EQ,EQ,buy,false,10.000000,631.750000,600019746,1300000000047698,2025-05-12T09:00:03
HINDCOPPER,INE531E01026,2025-05-12,NSE,EQ,EQ,buy,false,1.000000,218.100006,203009288,1100000022763592,2025-05-12T10:17:58
EVEXIA,INE313M01030,2025-05-16,BSE,EQ,X,buy,false,4.000000,2.740000,5040700,1747366200001049883,2025-05-16T12:28:54
IREDA,INE202E01016,2025-05-19,BSE,EQ,A,buy,false,20.000000,176.949997,18849000,1747633957323884309,2025-05-19T12:00:31
EXICOM,INE777F01014,2025-05-19,BSE,EQ,B,buy,false,5.000000,184.050003,6383200,1747632702322653914,2025-05-19T12:01:11
HINDCOPPER,INE531E01026,2025-05-20,BSE,EQ,A,buy,false,2.000000,229.350006,1334400,1747715327549134691,2025-05-20T10:08:04
EVEXIA,INE313M01030,2025-05-20,BSE,EQ,X,buy,false,16.000000,2.700000,3568100,1747711800001433631,2025-05-20T10:27:08
HINDCOPPER,INE531E01026,2025-05-28,NSE,EQ,EQ,buy,false,17.000000,250.600006,203295341,1100000000033537,2025-05-28T10:45:42
HINDCOPPER,INE531E01026,2025-05-28,NSE,EQ,EQ,buy,false,3.000000,247.899994,204503935,1100000038224117,2025-05-28T11:43:32
RELINFRA,INE036A01016,2025-05-29,NSE,EQ,EQ,buy,false,10.000000,315.649994,604392308,1300000035515362,2025-05-29T11:58:45
KPITTECH,INE04I401011,2025-06-02,NSE,EQ,EQ,sell,false,30.000000,1326.300049,402562232,1200000020562768,2025-06-02T10:21:13
JYOTI,INE511D01012,2025-06-02,BSE,EQ,X,sell,false,60.000000,120.150002,2588700,1748835000001226685,2025-06-02T10:21:25
NETWEB,INE0NT901020,2025-06-02,NSE,EQ,EQ,buy,false,7.000000,1958.500000,407361194,1200000067445801,2025-06-02T14:53:21
BHEL,INE257A01026,2025-06-03,BSE,EQ,A,sell,false,15.000000,255.300003,6191800,1748936636210265532,2025-06-03T13:32:53
BHEL,INE257A01026,2025-06-03,BSE,EQ,A,sell,false,90.000000,255.250000,6192100,1748936636210265532,2025-06-03T13:32:53
CGPOWER,INE067A01029,2025-06-04,BSE,EQ,A,buy,false,25.000000,683.049988,807800,1749007800136656367,2025-06-04T09:30:32
ATVPR,INE447A01015,2025-06-04,BSE,EQ,X,buy,false,2.000000,36.450001,1051000,1749007800001053097,2025-06-04T09:33:11
ATVPR,INE447A01015,2025-06-04,BSE,EQ,X,buy,false,18.000000,36.250000,1050800,1749007800001053097,2025-06-04T09:33:11
IRFC,INE053F01010,2025-06-04,NSE,EQ,EQ,buy,false,50.000000,140.240005,201223801,1100000009432394,2025-06-04T09:38:01
ADSL,INE102I01027,2025-06-04,NSE,EQ,EQ,buy,false,39.000000,197.899994,1099975,1000000008825023,2025-06-04T09:39:38
ADSL,INE102I01027,2025-06-04,NSE,EQ,EQ,buy,false,1.000000,197.889999,1099974,1000000008825023,2025-06-04T09:39:38
SRESTHA,INE606K01049,2025-06-04,BSE,EQ,X,buy,false,750.000000,0.440000,1657300,1749007800001040707,2025-06-04T09:43:27
VPRPL,INE0AE001013,2025-06-04,NSE,EQ,EQ,buy,false,6.000000,170.169998,601705476,1300000011936603,2025-06-04T09:47:03
VPRPL,INE0AE001013,2025-06-04,NSE,EQ,EQ,buy,false,13.000000,170.169998,601705478,1300000011936603,2025-06-04T09:47:03
VPRPL,INE0AE001013,2025-06-04,NSE,EQ,EQ,buy,false,21.000000,170.169998,601705477,1300000011936603,2025-06-04T09:47:03
TATACOMM,INE151A01013,2025-06-04,NSE,EQ,EQ,buy,false,2.000000,1663.300049,606025055,1300000044233902,2025-06-04T12:42:57
HERITGFOOD,INE978A01027,2025-06-04,NSE,EQ,EQ,buy,false,1.000000,446.350006,207877087,1100000065388298,2025-06-04T14:54:10
HERITGFOOD,INE978A01027,2025-06-04,NSE,EQ,EQ,buy,false,3.000000,446.350006,207877086,1100000065388298,2025-06-04T14:54:10
HERITGFOOD,INE978A01027,2025-06-04,NSE,EQ,EQ,buy,false,1.000000,446.299988,207877083,1100000065388298,2025-06-04T14:54:10
HERITGFOOD,INE978A01027,2025-06-04,NSE,EQ,EQ,buy,false,5.000000,446.299988,207877084,1100000065388298,2025-06-04T14:54:10
HERITGFOOD,INE978A01027,2025-06-04,NSE,EQ,EQ,buy,false,5.000000,446.299988,207877085,1100000065388298,2025-06-04T14:54:10
KEC,INE389H01022,2025-06-05,NSE,EQ,EQ,buy,false,12.000000,883.200012,401461733,1200000011982505,2025-06-05T09:51:09
NFL,INE870D01012,2025-06-05,NSE,EQ,EQ,sell,false,37.000000,109.269997,401549489,1200000012724212,2025-06-05T09:54:20
NFL,INE870D01012,2025-06-05,NSE,EQ,EQ,sell,false,168.000000,109.260002,401549490,1200000012724212,2025-06-05T09:54:20
IDFCFIRSTB,INE092T01019,2025-06-05,NSE,EQ,EQ,sell,false,410.000000,67.070000,202101028,1100000015016333,2025-06-05T09:55:21
NETWEB,INE0NT901020,2025-06-05,NSE,EQ,EQ,buy,false,3.000000,1972.099976,401607834,1200000013203386,2025-06-05T09:56:15
ANANTRAJ,INE242C01024,2025-06-05,NSE,EQ,EQ,buy,false,23.000000,578.650024,1572975,1000000013186086,2025-06-05T10:04:32
ANANTRAJ,INE242C01024,2025-06-05,NSE,EQ,EQ,buy,false,7.000000,578.549988,1572974,1000000013186086,2025-06-05T10:04:32
TEJASNET,INE010J01012,2025-06-05,NSE,EQ,EQ,buy,false,15.000000,718.549988,602341520,1300000016733977,2025-06-05T10:07:55
ANANTRAJ,INE242C01024,2025-06-05,NSE,EQ,EQ,buy,false,10.000000,571.150024,6256056,1000000057636879,2025-06-05T14:48:07
ATVPR,INE447A01015,2025-06-06,BSE,EQ,X,buy,false,30.000000,37.599998,3017700,1749180600001030264,2025-06-06T10:28:46
MICEL,INE287C01037,2025-06-06,BSE,EQ,B,buy,false,59.000000,66.779999,5273300,1749186666543606777,2025-06-06T11:10:10
MICEL,INE287C01037,2025-06-06,BSE,EQ,B,buy,false,41.000000,66.769997,5272900,1749186666543606777,2025-06-06T11:10:10
SAREGAMA,INE979A01025,2025-06-06,NSE,EQ,EQ,buy,false,2.000000,567.450012,604074849,1300000033218741,2025-06-06T11:17:54
SAREGAMA,INE979A01025,2025-06-06,NSE,EQ,EQ,buy,false,11.000000,567.650024,604074850,1300000033218741,2025-06-06T11:17:54
SRESTHA,INE606K01049,2025-06-09,BSE,EQ,X,buy,false,250.000000,0.460000,4550200,1749439800001399901,2025-06-09T10:24:03
MOSCHIP,INE935B01025,2025-06-09,BSE,EQ,B,buy,false,4.000000,191.399994,9902600,1749443141085515713,2025-06-09T10:27:22
RPOWER,INE614G01033,2025-06-10,NSE,EQ,EQ,sell,false,50.000000,70.540001,603429985,1300000024404841,2025-06-10T10:48:55
MOSCHIP,INE935B01025,2025-06-10,NSE,EQ,EQ,buy,false,15.000000,195.139999,402688436,1200000023265824,2025-06-10T10:50:02
HINDCOPPER,INE531E01026,2025-06-10,BSE,EQ,A,buy,false,2.000000,262.700012,4804500,1749537509117645753,2025-06-10T13:22:40
RELINFRA,INE036A01016,2025-06-11,NSE,EQ,BE,sell,false,10.000000,403.000000,601613994,1300000009695134,2025-06-11T09:34:43
HINDCOPPER,INE531E01026,2025-06-11,BSE,EQ,A,buy,false,5.000000,264.950012,3843600,1749623436532276446,2025-06-11T12:43:07
HINDCOPPER,INE531E01026,2025-06-11,BSE,EQ,A,buy,false,5.000000,261.149994,5991800,1749632881679135229,2025-06-11T14:56:27
BAJAJHFL,INE377Y01014,2025-06-11,NSE,EQ,EQ,buy,false,5.000000,125.250000,6965748,1000000058743730,2025-06-11T14:56:59
MICEL,INE287C01037,2025-06-12,BSE,EQ,B,buy,false,10.000000,66.199997,3587100,1749704357399455111,2025-06-12T10:50:09
IRFC,INE053F01010,2025-06-17,BSE,EQ,A,buy,false,2.000000,139.350006,3883500,1750138080965296572,2025-06-17T11:18:29
AZAD,INE02IJ01035,2025-06-17,BSE,EQ,A,sell,false,12.000000,1657.050049,2299000,1750140362232314618,2025-06-17T11:59:39
HAPPSTMNDS,INE419U01012,2025-06-17,NSE,EQ,EQ,buy,false,10.000000,651.650024,203950677,1100000038288159,2025-06-17T12:00:05
CUBEXTUB,INE144D01012,2025-06-17,NSE,EQ,EQ,sell,false,1.000000,109.900002,3110850,1000000031986528,2025-06-17T12:07:47
CUBEXTUB,INE144D01012,2025-06-17,NSE,EQ,EQ,sell,false,72.000000,109.900002,3110851,1000000031986528,2025-06-17T12:07:47
CUBEXTUB,INE144D01012,2025-06-17,NSE,EQ,EQ,sell,false,15.000000,109.900002,3110848,1000000031986528,2025-06-17T12:07:47
CUBEXTUB,INE144D01012,2025-06-17,NSE,EQ,EQ,sell,false,2.000000,109.900002,3110849,1000000031986528,2025-06-17T12:07:47
HAPPSTMNDS,INE419U01012,2025-06-17,NSE,EQ,EQ,buy,false,5.000000,651.049988,204198478,1100000040475861,2025-06-17T12:13:19
COCHINSHIP,INE704P01025,2025-06-17,NSE,EQ,EQ,buy,false,5.000000,2214.699951,3328641,1000000034376187,2025-06-17T12:26:00
ECORECO,INE316A01038,2025-06-17,BSE,EQ,B,sell,false,40.000000,594.299988,2385500,1750131000000004908,2025-06-17T12:26:35
NETWEB,INE0NT901020,2025-06-17,NSE,EQ,EQ,buy,false,1.000000,1788.800049,403846626,1200000042250517,2025-06-17T12:35:15
NETWEB,INE0NT901020,2025-06-17,NSE,EQ,EQ,buy,false,1.000000,1788.800049,403846627,1200000042250517,2025-06-17T12:35:15
EVEXIA,INE313M01030,2025-06-19,BSE,EQ,X,buy,false,80.000000,2.320000,301298300,1750303800003005684,2025-06-19T10:09:58
ANANTRAJ,INE242C01024,2025-06-19,NSE,EQ,EQ,buy,false,10.000000,528.450012,1430331,1000000015635587,2025-06-19T10:12:11
ADSL,INE102I01027,2025-06-19,BSE,EQ,B,buy,false,15.000000,178.500000,303835400,1750308965322361212,2025-06-19T11:04:45
HAPPSTMNDS,INE419U01012,2025-06-19,BSE,EQ,A,buy,false,5.000000,630.599976,302478700,1750310953770149307,2025-06-19T11:11:01
IRFC,INE053F01010,2025-06-19,BSE,EQ,A,buy,false,8.000000,134.800003,304898900,1750311556199046623,2025-06-19T11:11:29
RUSHIL,INE573K01025,2025-06-19,NSE,EQ,EQ,buy,false,50.000000,29.590000,603420720,1300000032019227,2025-06-19T11:11:51
HINDCOPPER,INE531E01026,2025-06-20,NSE,EQ,EQ,buy,false,15.000000,247.960007,206787184,1100000072213674,2025-06-20T14:18:15
MOSCHIP,INE935B01025,2025-06-24,NSE,EQ,EQ,buy,false,8.000000,178.839996,401495555,1200000013350775,2025-06-24T09:48:57
MOSCHIP,INE935B01025,2025-06-24,NSE,EQ,EQ,buy,false,1.000000,178.830002,401495553,1200000013350775,2025-06-24T09:48:57
MOSCHIP,INE935B01025,2025-06-24,NSE,EQ,EQ,buy,false,1.000000,178.830002,401495554,1200000013350775,2025-06-24T09:48:57
COCHINSHIP,INE704P01025,2025-06-24,NSE,EQ,EQ,buy,false,1.000000,2173.899902,1525429,1000000012886669,2025-06-24T09:49:39
COCHINSHIP,INE704P01025,2025-06-24,NSE,EQ,EQ,buy,false,1.000000,2173.899902,1525428,1000000012886669,2025-06-24T09:49:39
IREDA,INE202E01016,2025-06-24,BSE,EQ,A,buy,false,20.000000,167.050003,3235500,1750738066181439983,2025-06-24T09:50:21
NETWEB,INE0NT901020,2025-06-24,NSE,EQ,EQ,buy,false,1.000000,1784.699951,401553259,1200000014016541,2025-06-24T09:51:21
APOLLO,INE713T01028,2025-06-24,BSE,EQ,B,sell,false,50.000000,205.000000,7532100,1750737702993609889,2025-06-24T09:51:37
COCHINSHIP,INE704P01025,2025-06-25,NSE,EQ,EQ,buy,false,1.000000,2120.100098,5039109,1000000053475012,2025-06-25T14:03:27
AWHCL,INE01BK01022,2025-06-25,BSE,EQ,B,buy,false,4.000000,658.400024,3628000,1750839177948117530,2025-06-25T14:04:38
AWHCL,INE01BK01022,2025-06-25,BSE,EQ,B,buy,false,1.000000,658.349976,3627800,1750839177948117530,2025-06-25T14:04:38
AWHCL,INE01BK01022,2025-06-25,BSE,EQ,B,buy,false,2.000000,658.549988,3628200,1750839177948117530,2025-06-25T14:04:38
BAJAJHFL,INE377Y01014,2025-06-26,NSE,EQ,EQ,buy,false,15.000000,121.970001,685603,1000000005687036,2025-06-26T09:29:57
EXICOM,INE777F01014,2025-06-26,BSE,EQ,B,buy,false,5.000000,201.500000,2399100,1750911205466046882,2025-06-26T09:45:25
RATHIBAR,INE575I01016,2025-06-26,BSE,EQ,X,buy,false,10.000000,34.770000,1323200,1750908600001209097,2025-06-26T09:48:53
RATHIBAR,INE575I01016,2025-06-26,BSE,EQ,X,buy,false,10.000000,34.779999,1323400,1750908600001209097,2025-06-26T09:48:53
EXICOM,INE777F01014,2025-06-27,NSE,EQ,EQ,sell,false,18.000000,198.800003,201252896,1100000010039111,2025-06-27T09:35:50
EXICOM,INE777F01014,2025-06-27,NSE,EQ,EQ,sell,false,15.000000,198.800003,201252898,1100000010039111,2025-06-27T09:35:50
EXICOM,INE777F01014,2025-06-27,NSE,EQ,EQ,sell,false,5.000000,198.800003,201252897,1100000010039111,2025-06-27T09:35:50
EXICOM,INE777F01014,2025-06-27,NSE,EQ,EQ,sell,false,2.000000,198.809998,201252895,1100000010039111,2025-06-27T09:35:50
NETWEB,INE0NT901020,2025-06-27,BSE,EQ,A,buy,false,2.000000,1847.599976,829800,1750995000045630896,2025-06-27T09:42:23
BAJAJHFL,INE377Y01014,2025-06-27,NSE,EQ,EQ,buy,false,15.000000,122.500000,3373126,1000000034412509,2025-06-27T11:44:13
ALFATRAN,INE209C01015,2025-07-01,BSE,EQ,X,sell,false,44.000000,68.160004,2439300,1751340600001142156,2025-07-01T09:56:21
BBOX,INE676A01027,2025-07-01,BSE,EQ,T,buy,false,5.000000,549.150024,2602000,1751340600000071539,2025-07-01T09:56:43
BBOX,INE676A01027,2025-07-01,BSE,EQ,T,buy,false,3.000000,549.000000,2846100,1751340600000071589,2025-07-01T10:03:04
BBOX,INE676A01027,2025-07-01,BSE,EQ,T,buy,false,1.000000,548.000000,3807200,1751340600000071695,2025-07-01T10:32:53
ETERNAL,INE758T01015,2025-07-02,BSE,EQ,A,buy,false,1.000000,259.149994,2043900,1751427000008927894,2025-07-02T09:53:03
RPOWER,INE614G01033,2025-07-02,BSE,EQ,T,sell,false,200.000000,68.150002,3378200,1751427000001233718,2025-07-02T10:23:48
ANANTRAJ,INE242C01024,2025-07-02,BSE,EQ,A,buy,false,5.000000,556.000000,2075700,1751430338626526828,2025-07-02T10:25:08
BBOX,INE676A01027,2025-07-02,BSE,EQ,T,buy,false,1.000000,529.950012,4410000,1751427000001248133,2025-07-02T11:02:10
BBOX,INE676A01027,2025-07-02,BSE,EQ,T,buy,false,10.000000,529.950012,4418100,1751427000001248135,2025-07-02T11:02:32
BHARTIARTL,INE397D01024,2025-07-02,NSE,EQ,EQ,buy,false,1.000000,2034.699951,2486684,1000000024741360,2025-07-02T11:04:49
SAREGAMA,INE979A01025,2025-07-03,NSE,EQ,EQ,buy,false,2.000000,497.299988,602017320,1300000017223136,2025-07-03T10:02:03
SAREGAMA,INE979A01025,2025-07-03,NSE,EQ,EQ,buy,false,1.000000,497.799988,602112657,1300000018098369,2025-07-03T10:05:29
SAREGAMA,INE979A01025,2025-07-03,NSE,EQ,EQ,buy,false,1.000000,497.799988,602112658,1300000018098369,2025-07-03T10:05:29
PAISALO,INE420C01059,2025-07-03,NSE,EQ,EQ,buy,false,10.000000,31.230000,401758878,1200000018089611,2025-07-03T10:06:54
PAISALO,INE420C01059,2025-07-03,NSE,EQ,EQ,buy,false,1.000000,31.200001,401765536,1200000018174209,2025-07-03T10:07:15
PAISALO,INE420C01059,2025-07-03,NSE,EQ,EQ,buy,false,19.000000,31.200001,401769966,1200000018221581,2025-07-03T10:07:27
BAJAJHFL,INE377Y01014,2025-07-03,NSE,EQ,EQ,buy,false,2.000000,121.400002,1794915,1000000018247869,2025-07-03T10:21:44
SRESTHA,INE606K01049,2025-07-03,BSE,EQ,X,buy,false,30.000000,0.470000,2939400,1751513400001366674,2025-07-03T10:40:23
SAREGAMA,INE979A01025,2025-07-07,BSE,EQ,A,buy,false,6.000000,491.000000,2432100,1751861925784987608,2025-07-07T10:47:02
NETWEB,INE0NT901020,2025-07-07,NSE,EQ,EQ,buy,false,1.000000,1824.800049,402308093,1200000028569245,2025-07-07T10:48:10
EVEXIA,INE313M01030,2025-07-07,BSE,EQ,X,buy,false,90.000000,2.430000,3228800,1751859000031016547,2025-07-07T10:49:57
AZAD,INE02IJ01035,2025-07-09,NSE,EQ,EQ,buy,false,1.000000,1626.900024,2228733,1000000022444979,2025-07-09T11:04:51
AZAD,INE02IJ01035,2025-07-09,NSE,EQ,EQ,buy,false,2.000000,1626.900024,2228734,1000000022444979,2025-07-09T11:04:51
AZAD,INE02IJ01035,2025-07-09,NSE,EQ,EQ,buy,false,3.000000,1623.900024,2659584,1000000026899388,2025-07-09T11:37:22
KEC,INE389H01022,2025-07-09,NSE,EQ,EQ,sell,false,1.000000,897.549988,404289425,1200000046519187,2025-07-09T12:59:51
KEC,INE389H01022,2025-07-09,NSE,EQ,EQ,sell,false,3.000000,897.549988,404289423,1200000046519187,2025-07-09T12:59:51
KEC,INE389H01022,2025-07-09,NSE,EQ,EQ,sell,false,7.000000,897.549988,404289426,1200000046519187,2025-07-09T12:59:51
KEC,INE389H01022,2025-07-09,NSE,EQ,EQ,sell,false,1.000000,897.549988,404289424,1200000046519187,2025-07-09T12:59:51
AZAD,INE02IJ01035,2025-07-09,NSE,EQ,EQ,buy,false,1.000000,1619.699951,4224668,1000000043191818,2025-07-09T13:54:13
AZAD,INE02IJ01035,2025-07-09,NSE,EQ,EQ,buy,false,1.000000,1619.699951,4224669,1000000043191818,2025-07-09T13:54:13
AZAD,INE02IJ01035,2025-07-09,NSE,EQ,EQ,buy,false,2.000000,1619.699951,4224667,1000000043191818,2025-07-09T13:54:13
AZAD,INE02IJ01035,2025-07-10,BSE,EQ,A,buy,false,2.000000,1617.900024,1310100,1752118200225892930,2025-07-10T10:18:35
ETERNAL,INE758T01015,2025-07-10,NSE,EQ,EQ,buy,false,3.000000,265.850006,202347073,1100000019881280,2025-07-10T10:24:20
RUSHIL,INE573K01025,2025-07-10,BSE,EQ,B,buy,false,10.000000,27.980000,9354900,1752122678648406465,2025-07-10T10:28:39
MICEL,INE287C01037,2025-07-15,NSE,EQ,EQ,buy,false,1.000000,52.779999,403716685,1200000038367090,2025-07-15T11:50:17
EVEXIA,INE313M01030,2025-07-21,BSE,EQ,X,buy,false,10.000000,2.240000,4374300,1753068600002369858,2025-07-21T11:42:32
TATACOMM,INE151A01013,2025-07-23,NSE,EQ,EQ,sell,false,1.000000,1731.300049,600347933,1300000002436026,2025-07-23T09:19:00
TATACOMM,INE151A01013,2025-07-23,NSE,EQ,EQ,sell,false,9.000000,1731.300049,600347934,1300000002436026,2025-07-23T09:19:00
TIPSMUSIC,INE716B01029,2025-07-23,BSE,EQ,A,buy,false,10.000000,633.900024,386700,1753241400006250982,2025-07-23T09:19:42
ANANTRAJ,INE242C01024,2025-07-23,BSE,EQ,A,buy,false,5.000000,567.950012,874300,1753241400006430613,2025-07-23T09:28:36
SAREGAMA,INE979A01025,2025-07-23,NSE,EQ,EQ,buy,false,10.000000,498.049988,600813601,1300000006187256,2025-07-23T09:29:04
AZAD,INE02IJ01035,2025-07-23,BSE,EQ,A,buy,false,1.000000,1605.400024,399800,1753241400007236360,2025-07-23T09:29:59
ATVPR,INE447A01015,2025-07-23,BSE,EQ,X,sell,false,300.000000,40.340000,686700,1753241400001099120,2025-07-23T09:31:27
HINDCOPPER,INE531E01026,2025-07-23,NSE,EQ,EQ,buy,false,20.000000,278.500000,200976546,1100000007766902,2025-07-23T09:32:25
HINDCOPPER,INE531E01026,2025-07-25,NSE,EQ,EQ,buy,false,10.000000,266.899994,202424410,1100000019338396,2025-07-25T10:16:22
IREDA,INE202E01016,2025-07-25,BSE,EQ,A,buy,false,25.000000,154.649994,3911300,1753418592694773862,2025-07-25T10:45:44
HINDCOPPER,INE531E01026,2025-07-25,NSE,EQ,EQ,buy,false,5.000000,262.750000,207066380,1100000061196945,2025-07-25T14:13:54
ETERNAL,INE758T01015,2025-07-31,BSE,EQ,A,sell,false,75.000000,305.700012,3375600,1753935004944838303,2025-07-31T10:26:06
TIPSMUSIC,INE716B01029,2025-07-31,NSE,EQ,EQ,buy,false,2.000000,585.849976,602766913,1300000021366676,2025-07-31T10:35:10
TIPSMUSIC,INE716B01029,2025-07-31,NSE,EQ,EQ,buy,false,8.000000,585.900024,602766914,1300000021366676,2025-07-31T10:35:10
SAREGAMA,INE979A01025,2025-07-31,BSE,EQ,A,buy,false,10.000000,480.850006,2939100,1753935825141893084,2025-07-31T10:35:33
HINDCOPPER,INE531E01026,2025-07-31,BSE,EQ,A,buy,false,10.000000,246.750000,3819900,1753938262596418779,2025-07-31T10:59:26
SAREGAMA,INE979A01025,2025-08-01,BSE,EQ,A,buy,false,10.000000,485.350006,3029900,1754024997370290594,2025-08-01T11:03:23
HINDCOPPER,INE531E01026,2025-08-01,BSE,EQ,A,buy,false,10.000000,243.300003,2795300,1754022607160898388,2025-08-01T11:03:39
HINDCOPPER,INE531E01026,2025-08-01,BSE,EQ,A,buy,false,10.000000,242.399994,3255900,1754026507210425481,2025-08-01T11:40:02
RELIANCE,INE002A01018,2025-08-05,NSE,EQ,EQ,sell,false,17.000000,1402.800049,600770579,1300000006035272,2025-08-05T09:29:09
SAREGAMA,INE979A01025,2025-08-05,NSE,EQ,EQ,buy,false,2.000000,478.799988,601292337,1300000010625621,2025-08-05T09:45:25
SAREGAMA,INE979A01025,2025-08-05,NSE,EQ,EQ,buy,false,8.000000,478.799988,601292338,1300000010625621,2025-08-05T09:45:25
TIPSMUSIC,INE716B01029,2025-08-05,NSE,EQ,EQ,buy,false,2.000000,574.299988,601297807,1300000010677995,2025-08-05T09:45:37
TIPSMUSIC,INE716B01029,2025-08-05,NSE,EQ,EQ,buy,false,1.000000,574.299988,601297806,1300000010677995,2025-08-05T09:45:37
TIPSMUSIC,INE716B01029,2025-08-05,NSE,EQ,EQ,buy,false,3.000000,574.349976,601297809,1300000010677995,2025-08-05T09:45:37
TIPSMUSIC,INE716B01029,2025-08-05,NSE,EQ,EQ,buy,false,4.000000,574.349976,601297808,1300000010677995,2025-08-05T09:45:37
COCHINSHIP,INE704P01025,2025-08-05,NSE,EQ,EQ,buy,false,2.000000,1745.599976,1654469,1000000015849213,2025-08-05T10:18:33
BAJAJHFL,INE377Y01014,2025-08-05,BSE,EQ,A,buy,false,13.000000,114.300003,7726100,1754386536472596215,2025-08-05T15:28:22
BAJAJHFL,INE377Y01014,2025-08-05,BSE,EQ,A,buy,false,10.000000,114.300003,7735400,1754386536472596251,2025-08-05T15:28:32
BBOX,INE676A01027,2025-08-06,NSE,EQ,BE,buy,false,4.000000,517.549988,153803,1000000000985367,2025-08-06T09:16:18
BBOX,INE676A01027,2025-08-06,NSE,EQ,BE,buy,false,2.000000,517.549988,156686,1000000000985367,2025-08-06T09:16:18
BBOX,INE676A01027,2025-08-06,NSE,EQ,BE,buy,false,2.000000,517.549988,153945,1000000000985367,2025-08-06T09:16:18
BBOX,INE676A01027,2025-08-06,NSE,EQ,BE,buy,false,1.000000,517.549988,158657,1000000000985367,2025-08-06T09:16:18
BBOX,INE676A01027,2025-08-06,NSE,EQ,BE,buy,false,1.000000,517.549988,155932,1000000000985367,2025-08-06T09:16:18
ADSL,INE102I01027,2025-08-06,BSE,EQ,B,buy,false,10.000000,182.949997,502500,1754451000005176653,2025-08-06T09:17:26
TEJASNET,INE010J01012,2025-08-06,NSE,EQ,EQ,sell,false,15.000000,576.400024,600467223,1300000003322727,2025-08-06T09:21:10
TIPSMUSIC,INE716B01029,2025-08-06,NSE,EQ,EQ,buy,false,4.000000,605.650024,601004446,1300000007805016,2025-08-06T09:34:19
TIPSMUSIC,INE716B01029,2025-08-06,NSE,EQ,EQ,buy,false,2.000000,605.650024,601004445,1300000007805016,2025-08-06T09:34:19
TIPSMUSIC,INE716B01029,2025-08-06,NSE,EQ,EQ,buy,false,1.000000,605.650024,601004449,1300000007805016,2025-08-06T09:34:19
TIPSMUSIC,INE716B01029,2025-08-06,NSE,EQ,EQ,buy,false,1.000000,605.650024,601004448,1300000007805016,2025-08-06T09:34:19
TIPSMUSIC,INE716B01029,2025-08-06,NSE,EQ,EQ,buy,false,1.000000,605.650024,601004447,1300000007805016,2025-08-06T09:34:19
TIPSMUSIC,INE716B01029,2025-08-06,NSE,EQ,EQ,buy,false,1.000000,605.599976,601004444,1300000007805016,2025-08-06T09:34:19
ANANTRAJ,INE242C01024,2025-08-06,BSE,EQ,A,buy,false,3.000000,558.250000,1613100,1754453735165026200,2025-08-06T09:46:25
PAISALO,INE420C01059,2025-08-06,BSE,EQ,A,sell,false,36.000000,31.309999,2700600,1754453049568924333,2025-08-06T09:59:26
PAISALO,INE420C01059,2025-08-06,BSE,EQ,A,sell,false,94.000000,31.299999,2700900,1754453049568924333,2025-08-06T09:59:26
HARDWYN,INE626Z01029,2025-08-06,NSE,EQ,EQ,sell,false,77.000000,13.520000,201809737,1100000014903171,2025-08-06T09:59:32
HARDWYN,INE626Z01029,2025-08-06,NSE,EQ,EQ,sell,false,210.000000,13.520000,201809736,1100000014903171,2025-08-06T09:59:32
HARDWYN,INE626Z01029,2025-08-06,NSE,EQ,EQ,sell,false,1.000000,13.530000,201809735,1100000014903171,2025-08-06T09:59:32
NSDL,INE301O01023,2025-08-06,BSE,EQ,B,buy,false,5.000000,888.700012,7568800,1754451000005168807,2025-08-06T10:00:03
NSDL,INE301O01023,2025-08-06,BSE,EQ,B,buy,false,3.000000,896.849976,12634000,1754451000005203821,2025-08-06T10:00:22
NSDL,INE301O01023,2025-08-06,BSE,EQ,B,buy,false,1.000000,899.849976,16018200,1754451000005225215,2025-08-06T10:00:40
RATHIBAR,INE575I01016,2025-08-06,BSE,EQ,X,sell,false,20.000000,32.099998,2073400,1754451000001214099,2025-08-06T10:01:22
RATHIBAR,INE575I01016,2025-08-06,BSE,EQ,X,sell,false,57.000000,32.330002,2073200,1754451000001214099,2025-08-06T10:01:22
RATHIBAR,INE575I01016,2025-08-06,BSE,EQ,X,sell,false,43.000000,31.510000,2073600,1754451000001214099,2025-08-06T10:01:22
NSDL,INE301O01023,2025-08-06,BSE,EQ,B,buy,false,1.000000,918.450012,25453400,1754451000005284678,2025-08-06T10:01:50
HAPPSTMNDS,INE419U01012,2025-08-06,NSE,EQ,EQ,sell,false,10.000000,591.450012,202134330,1100000017790749,2025-08-06T10:11:11
HAPPSTMNDS,INE419U01012,2025-08-06,NSE,EQ,EQ,sell,false,1.000000,591.500000,202134328,1100000017790749,2025-08-06T10:11:11
HAPPSTMNDS,INE419U01012,2025-08-06,NSE,EQ,EQ,sell,false,1.000000,591.400024,202134331,1100000017790749,2025-08-06T10:11:11
HAPPSTMNDS,INE419U01012,2025-08-06,NSE,EQ,EQ,sell,false,8.000000,591.450012,202134329,1100000017790749,2025-08-06T10:11:11
TIPSMUSIC,INE716B01029,2025-08-06,NSE,EQ,EQ,buy,false,2.000000,600.549988,602549992,1300000021356174,2025-08-06T10:29:40
TIPSMUSIC,INE716B01029,2025-08-06,NSE,EQ,EQ,buy,false,3.000000,600.549988,602549993,1300000021356174,2025-08-06T10:29:40
BBOX,INE676A01027,2025-08-06,NSE,EQ,BE,buy,false,10.000000,499.700012,2338813,1000000023427317,2025-08-06T10:38:42
TIPSMUSIC,INE716B01029,2025-08-06,NSE,EQ,EQ,buy,false,4.000000,591.150024,604452332,1300000039095525,2025-08-06T12:04:52
TIPSMUSIC,INE716B01029,2025-08-06,NSE,EQ,EQ,buy,false,1.000000,591.099976,604452331,1300000039095525,2025-08-06T12:04:52
AZAD,INE02IJ01035,2025-08-08,NSE,EQ,EQ,buy,false,1.000000,1536.199951,1530664,1000000014311409,2025-08-08T10:04:07
AZAD,INE02IJ01035,2025-08-08,NSE,EQ,EQ,buy,false,1.000000,1536.199951,1530663,1000000014311409,2025-08-08T10:04:07
ANANTRAJ,INE242C01024,2025-08-08,BSE,EQ,A,buy,false,2.000000,541.950012,2202400,1754626403570479588,2025-08-08T10:04:18
MICEL,INE287C01037,2025-08-08,BSE,EQ,B,sell,false,1.000000,49.599998,1702100,1754623800085636015,2025-08-08T10:05:54
MICEL,INE287C01037,2025-08-08,BSE,EQ,B,sell,false,110.000000,49.610001,1701900,1754623800085636015,2025-08-08T10:05:54
NSDL,INE301O01023,2025-08-08,BSE,EQ,B,buy,false,4.000000,1249.050049,69686100,1754623800052776981,2025-08-08T10:07:00
JIOFIN,INE758E01017,2025-08-08,NSE,EQ,EQ,sell,false,30.000000,321.899994,202563263,1100000022902341,2025-08-08T10:42:30
NSDL,INE301O01023,2025-08-08,BSE,EQ,B,buy,false,6.000000,1281.699951,86395400,1754623800052985127,2025-08-08T10:42:55
ZENTEC,INE251B01027,2025-08-08,NSE,EQ,EQ,buy,false,1.000000,1407.699951,606057885,1300000058872627,2025-08-08T14:50:46
ZENTEC,INE251B01027,2025-08-11,BSE,EQ,A,buy,false,1.000000,1387.099976,1921600,1754883000013994548,2025-08-11T09:54:31
BBOX,INE676A01027,2025-08-18,BSE,EQ,T,buy,false,1.000000,480.000000,4218700,1755487800001262627,2025-08-18T11:43:38
BBOX,INE676A01027,2025-08-18,BSE,EQ,T,buy,false,9.000000,480.000000,4237600,1755487800001262632,2025-08-18T11:44:40
CGPOWER,INE067A01029,2025-08-18,NSE,EQ,EQ,buy,false,3.000000,673.400024,3588909,1000000031413775,2025-08-18T11:45:53
ZENTEC,INE251B01027,2025-08-19,BSE,EQ,A,buy,false,2.000000,1438.900024,3244800,1755584036519408750,2025-08-19T12:31:14
RUSHIL,INE573K01025,2025-08-19,NSE,EQ,EQ,buy,false,18.000000,22.830000,604248482,1300000035344675,2025-08-19T12:32:26
RUSHIL,INE573K01025,2025-08-19,NSE,EQ,EQ,buy,false,2.000000,22.830000,604248483,1300000035344675,2025-08-19T12:32:26
COCHINSHIP,INE704P01025,2025-08-21,BSE,EQ,A,buy,false,1.000000,1749.050049,4246300,1755752529915429634,2025-08-21T10:53:50
BHARTIARTL,INE397D01024,2025-08-21,NSE,EQ,EQ,buy,false,1.000000,1934.900024,2286236,1000000019199626,2025-08-21T10:54:36
CGPOWER,INE067A01029,2025-08-21,BSE,EQ,A,buy,false,2.000000,677.599976,3320300,1755751814494754472,2025-08-21T10:54:54
ANANTRAJ,INE242C01024,2025-08-21,NSE,EQ,EQ,buy,false,5.000000,556.000000,2293184,1000000019263820,2025-08-21T10:55:09
MOSCHIP,INE935B01025,2025-08-21,NSE,EQ,EQ,buy,false,10.000000,170.190002,402708888,1200000024092272,2025-08-21T10:56:00
IRB,INE821I01022,2025-08-21,NSE,EQ,EQ,buy,false,10.000000,44.700001,203375335,1100000026101575,2025-08-21T10:56:30
SRESTHA,INE606K01049,2025-08-21,BSE,EQ,X,buy,false,10.000000,0.400000,3945100,1755747000001328145,2025-08-21T11:52:01
AERPACE,INE175N01023,2025-08-25,BSE,EQ,X,buy,false,3.000000,24.750000,1150900,1756092600001000739,2025-08-25T09:20:04
CDSL,INE736A01011,2025-08-26,NSE,EQ,EQ,sell,false,7.000000,1535.800049,15733,1000000000010074,2025-08-26T09:00:00
AERPACE,INE175N01023,2025-08-26,BSE,EQ,X,buy,false,37.000000,26.200001,433700,1756178187869006333,2025-08-26T09:16:02
AERPACE,INE175N01023,2025-08-26,BSE,EQ,X,buy,false,30.000000,26.340000,661100,1756178187869006498,2025-08-26T09:18:32
ZENSARTECH,INE520A01027,2025-08-26,NSE,EQ,EQ,buy,false,2.000000,806.000000,600400039,1300000003075714,2025-08-26T09:20:57
ZENSARTECH,INE520A01027,2025-08-26,NSE,EQ,EQ,buy,false,1.000000,806.000000,600400038,1300000003075714,2025-08-26T09:20:57
ZENSARTECH,INE520A01027,2025-08-26,NSE,EQ,EQ,buy,false,1.000000,805.849976,600400036,1300000003075714,2025-08-26T09:20:57
ZENSARTECH,INE520A01027,2025-08-26,NSE,EQ,EQ,buy,false,1.000000,806.000000,600400037,1300000003075714,2025-08-26T09:20:57
ZENSARTECH,INE520A01027,2025-08-26,NSE,EQ,EQ,buy,false,5.000000,805.799988,600400035,1300000003075714,2025-08-26T09:20:57
AERPACE,INE175N01023,2025-08-26,BSE,EQ,X,buy,false,10.000000,26.190001,1015900,1756178187869006683,2025-08-26T09:22:35
HINDCOPPER,INE531E01026,2025-08-26,BSE,EQ,A,buy,false,2.000000,233.000000,7896600,1756186188420405368,2025-08-26T11:29:17
AERPACE,INE175N01023,2025-08-26,BSE,EQ,X,buy,false,8.000000,24.969999,6859100,1756178187869437293,2025-08-26T11:29:50
JIOFIN,INE758E01017,2025-08-29,BSE,EQ,A,sell,false,150.000000,310.200012,9000,1756438200016005264,2025-08-29T09:00:02
HINDCOPPER,INE531E01026,2025-09-01,NSE,EQ,EQ,buy,false,10.000000,230.289993,200210175,1100000001216318,2025-09-01T09:16:19
TIPSMUSIC,INE716B01029,2025-09-01,BSE,EQ,A,buy,false,10.000000,581.049988,335800,1756697400012109615,2025-09-01T09:17:08
JIOFIN,INE758E01017,2025-09-01,NSE,EQ,EQ,buy,false,50.000000,308.000000,200427815,1100000002127217,2025-09-01T09:17:59
ZENSARTECH,INE520A01027,2025-09-01,BSE,EQ,A,buy,false,5.000000,787.700012,4774100,1756712556620610791,2025-09-01T13:54:03
MOSCHIP,INE935B01025,2025-09-02,NSE,EQ,EQ,buy,false,10.000000,177.199997,401119812,1200000008487816,2025-09-02T09:37:52
AZAD,INE02IJ01035,2025-09-02,BSE,EQ,A,buy,false,2.000000,1591.800049,587600,1756783800246323871,2025-09-02T09:38:10
RUSHIL,INE573K01025,2025-09-02,BSE,EQ,B,buy,false,1.000000,29.240000,4077000,1756783800001927805,2025-09-02T09:38:22
RUSHIL,INE573K01025,2025-09-02,BSE,EQ,B,buy,false,19.000000,29.270000,4077200,1756783800001927805,2025-09-02T09:38:22
ANANTRAJ,INE242C01024,2025-09-02,BSE,EQ,A,buy,false,10.000000,528.000000,1168100,1756783800238590305,2025-09-02T09:38:44
VPRPL,INE0AE001013,2025-09-02,NSE,EQ,EQ,buy,false,10.000000,119.769997,601143732,1300000008251577,2025-09-02T09:39:09
TIPSMUSIC,INE716B01029,2025-09-02,BSE,EQ,A,buy,false,10.000000,579.500000,4673900,1756786286755337826,2025-09-02T09:56:22
SAREGAMA,INE979A01025,2025-09-02,NSE,EQ,EQ,buy,false,2.000000,491.549988,606958036,1300000057687344,2025-09-02T14:40:16
IRB,INE821I01022,2025-09-04,BSE,EQ,A,sell,false,192.000000,43.090000,902400,1756956600041446529,2025-09-04T09:22:54
IRB,INE821I01022,2025-09-04,BSE,EQ,A,sell,false,178.000000,43.080002,902600,1756956600041446529,2025-09-04T09:22:54
MOSCHIP,INE935B01025,2025-09-04,NSE,EQ,EQ,buy,false,10.000000,201.419998,400784082,1200000005304351,2025-09-04T09:23:49
TIPSMUSIC,INE716B01029,2025-09-04,BSE,EQ,A,buy,false,10.000000,579.950012,2409300,1756956600042953621,2025-09-04T09:41:07
GAIL,INE129A01019,2025-09-04,NSE,EQ,EQ,buy,false,5.000000,177.289993,202134274,1100000015388080,2025-09-04T09:52:56
GAIL,INE129A01019,2025-09-04,NSE,EQ,EQ,buy,false,5.000000,177.279999,202134273,1100000015388080,2025-09-04T09:52:56
GAIL,INE129A01019,2025-09-04,NSE,EQ,EQ,buy,false,10.000000,177.289993,202138765,1100000015423218,2025-09-04T09:53:04
COCHINSHIP,INE704P01025,2025-09-04,NSE,EQ,EQ,buy,false,1.000000,1687.599976,4347078,1000000039381618,2025-09-04T13:25:27
BEL,INE263A01024,2025-09-04,BSE,EQ,A,buy,false,5.000000,373.899994,12957300,1756970828666712878,2025-09-04T13:26:13
AERPACE,INE175N01023,2025-09-05,BSE,EQ,X,buy,false,12.000000,26.680000,1709400,1757043000001000382,2025-09-05T09:19:58
BBOX,INE676A01027,2025-09-05,BSE,EQ,T,buy,false,1.000000,453.850006,373900,1757043000000035129,2025-09-05T09:20:55
HINDCOPPER,INE531E01026,2025-09-05,NSE,EQ,EQ,buy,false,1.000000,243.100006,200337645,1100000002989544,2025-09-05T09:21:09
NETWEB,INE0NT901020,2025-09-05,NSE,EQ,EQ,sell,false,5.000000,2828.699951,403273033,1200000033061261,2025-09-05T11:13:02
NETWEB,INE0NT901020,2025-09-08,BSE,EQ,A,sell,false,14.000000,3130.550049,13329800,1757309436995880508,2025-09-08T11:24:15
ZENTEC,INE251B01027,2025-09-08,NSE,EQ,EQ,buy,false,1.000000,1475.500000,605910664,1300000049898044,2025-09-08T14:10:32
BHARTIARTL,INE397D01024,2025-09-09,NSE,EQ,EQ,buy,false,1.000000,1886.900024,2212764,1000000021152939,2025-09-09T11:17:13
HINDCOPPER,INE531E01026,2025-09-09,NSE,EQ,EQ,buy,false,2.000000,243.699997,203437261,1100000029899322,2025-09-09T11:17:53
COCHINSHIP,INE704P01025,2025-09-09,NSE,EQ,EQ,buy,false,1.000000,1637.000000,2318757,1000000022172752,2025-09-09T11:25:53
HERITGFOOD,INE978A01027,2025-09-09,BSE,EQ,A,sell,false,70.000000,479.649994,7286800,1757394135885883807,2025-09-09T11:26:47
HERITGFOOD,INE978A01027,2025-09-09,BSE,EQ,A,sell,false,4.000000,479.549988,7287000,1757394135885883807,2025-09-09T11:26:47
HERITGFOOD,INE978A01027,2025-09-09,BSE,EQ,A,sell,false,1.000000,479.700012,7286600,1757394135885883807,2025-09-09T11:26:47
NETWEB,INE0NT901020,2025-09-09,NSE,EQ,EQ,buy,false,5.000000,3010.000000,403048468,1200000029581734,2025-09-09T11:32:48
MOSCHIP,INE935B01025,2025-09-09,NSE,EQ,EQ,sell,false,100.000000,238.289993,403085915,1200000030022246,2025-09-09T11:36:10
MOSCHIP,INE935B01025,2025-09-09,NSE,EQ,EQ,sell,false,30.000000,238.279999,403085916,1200000030022246,2025-09-09T11:36:10
BHARTIARTL,INE397D01024,2025-09-09,NSE,EQ,EQ,buy,false,1.000000,1890.199951,2450863,1000000023457606,2025-09-09T11:36:52
COCHINSHIP,INE704P01025,2025-09-09,NSE,EQ,EQ,buy,false,1.000000,1635.800049,2451984,1000000023467543,2025-09-09T11:36:57
NETWEB,INE0NT901020,2025-09-09,NSE,EQ,EQ,buy,false,1.000000,3007.000000,403099446,1200000030178617,2025-09-09T11:37:19
COCHINSHIP,INE704P01025,2025-09-09,NSE,EQ,EQ,buy,false,1.000000,1634.699951,2999082,1000000028711075,2025-09-09T12:24:27
NETWEB,INE0NT901020,2025-09-09,NSE,EQ,EQ,buy,false,4.000000,3078.000000,405852080,1200000058201684,2025-09-09T15:09:20
APOLLO,INE713T01028,2025-09-10,NSE,EQ,EQ,buy,false,20.000000,278.700012,6983,1000000000186892,2025-09-10T09:06:46
APOLLO,INE713T01028,2025-09-10,NSE,EQ,EQ,buy,false,10.000000,275.649994,2386090,1000000019412414,2025-09-10T10:47:54
APOLLO,INE713T01028,2025-09-10,NSE,EQ,EQ,buy,false,10.000000,275.649994,2391950,1000000019463942,2025-09-10T10:48:15
ANANTRAJ,INE242C01024,2025-09-10,NSE,EQ,EQ,buy,false,10.000000,532.450012,3299738,1000000027448571,2025-09-10T11:40:27
BBOX,INE676A01027,2025-09-10,BSE,EQ,B,buy,false,4.000000,457.700012,8191500,1757487135453571591,2025-09-10T13:12:50
BHARTIARTL,INE397D01024,2025-09-10,NSE,EQ,EQ,buy,false,1.000000,1886.400024,4676228,1000000039598450,2025-09-10T13:13:23
HINDCOPPER,INE531E01026,2025-09-11,BSE,EQ,A,buy,false,10.000000,251.449997,7136500,1757567239095446121,2025-09-11T11:03:49
IRFC,INE053F01010,2025-09-11,BSE,EQ,A,buy,false,40.000000,126.000000,4440000,1757569713161593144,2025-09-11T11:52:50
IREDA,INE202E01016,2025-09-11,BSE,EQ,A,buy,false,25.000000,147.199997,5039400,1757570847408245067,2025-09-11T11:55:39
AZAD,INE02IJ01035,2025-09-12,BSE,EQ,A,buy,false,1.000000,1611.300049,540500,1757647800190330265,2025-09-12T09:33:02
NETWEB,INE0NT901020,2025-09-12,BSE,EQ,A,buy,false,17.000000,2944.199951,893200,1757647800198463542,2025-09-12T09:33:19
NETWEB,INE0NT901020,2025-09-12,NSE,EQ,EQ,sell,false,12.000000,2932.000000,403296895,1200000034058282,2025-09-12T12:09:32
BBOX,INE676A01027,2025-09-15,BSE,EQ,B,buy,false,10.000000,467.450012,1916100,1757907000284948351,2025-09-15T09:47:03
NETWEB,INE0NT901020,2025-09-15,NSE,EQ,EQ,buy,false,2.000000,2935.000000,401239066,1200000011224541,2025-09-15T09:50:17
SAREGAMA,INE979A01025,2025-09-15,NSE,EQ,EQ,buy,false,1.000000,490.399994,602442360,1300000019161829,2025-09-15T10:28:06
SAREGAMA,INE979A01025,2025-09-15,NSE,EQ,EQ,buy,false,1.000000,493.000000,604659954,1300000039715943,2025-09-15T12:54:48
SAREGAMA,INE979A01025,2025-09-15,NSE,EQ,EQ,buy,false,1.000000,493.000000,604659953,1300000039715943,2025-09-15T12:54:48
BHARTIARTL,INE397D01024,2025-09-16,BSE,EQ,A,buy,false,1.000000,1912.400024,1931900,1757996402125100938,2025-09-16T09:50:45
MCLOUD,INE613C01026,2025-09-16,NSE,EQ,EQ,buy,false,53.000000,78.080002,402431962,1200000022082268,2025-09-16T10:53:28
MCLOUD,INE613C01026,2025-09-16,NSE,EQ,EQ,buy,false,17.000000,78.080002,402431963,1200000022082268,2025-09-16T10:53:28
COCHINSHIP,INE704P01025,2025-09-16,NSE,EQ,EQ,buy,false,1.000000,1819.000000,4687719,1000000043701739,2025-09-16T14:32:27
NETWEB,INE0NT901020,2025-09-17,NSE,EQ,EQ,buy,false,1.000000,2854.800049,401987369,1200000016514449,2025-09-17T10:08:13
BBOX,INE676A01027,2025-09-17,BSE,EQ,B,buy,false,5.000000,497.649994,3876900,1758082239454659903,2025-09-17T10:08:44
BHEL,INE257A01026,2025-09-17,NSE,EQ,EQ,buy,false,35.000000,233.279999,4360234,1000000041248614,2025-09-17T13:46:32
EVEXIA,INE313M01030,2025-09-17,BSE,EQ,X,sell,false,1000.000000,2.210000,5559300,1758079800001353810,2025-09-17T13:47:47
BHEL,INE257A01026,2025-09-17,NSE,EQ,EQ,buy,false,10.000000,233.070007,4382050,1000000041450384,2025-09-17T13:48:07
BHEL,INE257A01026,2025-09-17,NSE,EQ,EQ,buy,false,4.000000,233.410004,5163783,1000000048536099,2025-09-17T14:44:50
STLNETWORK,INE1VXE01018,2025-09-18,BSE,EQ,B,buy,false,100.000000,27.500000,6000,1758166200103002094,2025-09-18T09:00:02
STLNETWORK,INE1VXE01018,2025-09-18,NSE,EQ,EQ,buy,false,50.000000,29.150000,600753799,1300000004271521,2025-09-18T09:27:24
ZENSARTECH,INE520A01027,2025-09-18,BSE,EQ,A,sell,false,15.000000,847.049988,801100,1758166200107411813,2025-09-18T09:29:23
RAILTEL,INE0DD101019,2025-09-18,NSE,EQ,EQ,buy,false,10.000000,399.200012,600875571,1300000005006207,2025-09-18T09:30:20
RAILTEL,INE0DD101019,2025-09-18,NSE,EQ,EQ,buy,false,3.000000,399.399994,600896340,1300000005128388,2025-09-18T09:30:50
RAILTEL,INE0DD101019,2025-09-18,NSE,EQ,EQ,buy,false,7.000000,399.399994,600896339,1300000005128388,2025-09-18T09:30:50
BAJAJHFL,INE377Y01014,2025-09-18,BSE,EQ,A,sell,false,300.000000,115.000000,1931700,1758166200102828742,2025-09-18T09:31:51
RAILTEL,INE0DD101019,2025-09-18,NSE,EQ,EQ,buy,false,10.000000,398.950012,601234581,1300000007375257,2025-09-18T09:40:29
BHEL,INE257A01026,2025-09-18,NSE,EQ,EQ,buy,false,56.000000,234.619995,820290,1000000005893858,2025-09-18T09:42:04
BELRISE,INE894V01022,2025-09-18,NSE,EQ,EQ,buy,false,100.000000,155.750000,880136,1000000006413669,2025-09-18T09:45:05
SRESTHA,INE606K01049,2025-09-18,BSE,EQ,X,sell,false,6040.000000,0.410000,1728900,1758166200001005458,2025-09-18T09:46:07
NETWEB,INE0NT901020,2025-09-18,BSE,EQ,A,buy,false,2.000000,2950.149902,3147400,1758168449547525545,2025-09-18T09:58:28
BHEL,INE257A01026,2025-09-18,NSE,EQ,EQ,buy,false,15.000000,231.899994,3173164,1000000027390173,2025-09-18T12:27:14
VPRPL,INE0AE001013,2025-09-19,NSE,EQ,EQ,sell,false,80.000000,108.309998,600387995,1300000002293669,2025-09-19T09:19:57
RUSHIL,INE573K01025,2025-09-19,BSE,EQ,B,buy,false,49.000000,31.030001,2492100,1758252600009730279,2025-09-19T09:24:03
RUSHIL,INE573K01025,2025-09-19,BSE,EQ,B,buy,false,1.000000,30.990000,2491900,1758252600009730279,2025-09-19T09:24:03
SAREGAMA,INE979A01025,2025-09-19,BSE,EQ,A,buy,false,3.000000,491.850006,603900,1758252600012258267,2025-09-19T09:25:40
RAILTEL,INE0DD101019,2025-09-19,NSE,EQ,EQ,buy,false,10.000000,396.500000,600655404,1300000004088472,2025-09-19T09:25:58
RUSHIL,INE573K01025,2025-09-19,NSE,EQ,EQ,buy,false,20.000000,30.469999,601356615,1300000009364318,2025-09-19T09:46:18
IREDA,INE202E01016,2025-09-19,BSE,EQ,A,buy,false,5.000000,160.199997,6533800,1758261928739832284,2025-09-19T12:35:28
ECORECO,INE316A01038,2025-09-19,BSE,EQ,B,buy,false,10.000000,595.950012,5423300,1758252600007123180,2025-09-19T13:30:19
ECORECO,INE316A01038,2025-09-22,BSE,EQ,B,buy,false,5.000000,600.000000,59000,1758511800022027101,2025-09-22T09:04:51
SAREGAMA,INE979A01025,2025-09-23,BSE,EQ,A,buy,false,2.000000,488.000000,596500,1758598200114344382,2025-09-23T09:26:42
SAREGAMA,INE979A01025,2025-09-23,NSE,EQ,EQ,buy,false,1.000000,480.399994,605695479,1300000052436117,2025-09-23T13:56:46
ADSL,INE102I01027,2025-09-24,BSE,EQ,B,sell,false,28.000000,193.449997,6998300,1758692798088484010,2025-09-24T11:45:02
ADSL,INE102I01027,2025-09-24,BSE,EQ,B,sell,false,24.000000,193.500000,6998000,1758692798088484010,2025-09-24T11:45:02
ADSL,INE102I01027,2025-09-24,BSE,EQ,B,sell,false,73.000000,193.399994,6998500,1758692798088484010,2025-09-24T11:45:02
RAILTEL,INE0DD101019,2025-09-24,NSE,EQ,EQ,buy,false,15.000000,378.000000,603730348,1300000035991572,2025-09-24T11:46:09
ECORECO,INE316A01038,2025-09-24,BSE,EQ,B,buy,false,4.000000,591.500000,3014500,1758684600000062608,2025-09-24T12:37:23
ECORECO,INE316A01038,2025-09-24,BSE,EQ,B,buy,false,1.000000,591.700012,3020600,1758684600000062609,2025-09-24T12:37:34
AERPACE,INE175N01023,2025-10-06,BSE,EQ,X,sell,false,27.000000,21.400000,1289400,1759721400001241112,2025-10-06T09:17:43
AERPACE,INE175N01023,2025-10-06,BSE,EQ,X,sell,false,223.000000,21.340000,1289600,1759721400001241112,2025-10-06T09:17:43
EIEL,INE0LLY01014,2025-10-06,NSE,EQ,EQ,buy,false,2.000000,252.389999,200669115,1100000004988598,2025-10-06T09:23:26
EIEL,INE0LLY01014,2025-10-06,NSE,EQ,EQ,buy,false,1.000000,252.389999,200669113,1100000004988598,2025-10-06T09:23:26
EIEL,INE0LLY01014,2025-10-06,NSE,EQ,EQ,buy,false,1.000000,252.389999,200669112,1100000004988598,2025-10-06T09:23:26
EIEL,INE0LLY01014,2025-10-06,NSE,EQ,EQ,buy,false,1.000000,252.389999,200669114,1100000004988598,2025-10-06T09:23:26
EIEL,INE0LLY01014,2025-10-06,NSE,EQ,EQ,buy,false,1.000000,252.399994,200669117,1100000004988598,2025-10-06T09:23:26
EIEL,INE0LLY01014,2025-10-06,NSE,EQ,EQ,buy,false,9.000000,252.389999,200669116,1100000004988598,2025-10-06T09:23:26
EIEL,INE0LLY01014,2025-10-06,NSE,EQ,EQ,buy,false,5.000000,252.399994,200669118,1100000004988598,2025-10-06T09:23:26
RUSHIL,INE573K01025,2025-10-06,NSE,EQ,EQ,buy,false,100.000000,29.080000,601441599,1300000011818304,2025-10-06T09:43:14
JIOFIN,INE758E01017,2025-10-06,BSE,EQ,A,buy,false,10.000000,304.799988,3375400,1759725485226389238,2025-10-06T10:27:06
MCLOUD,INE613C01026,2025-10-06,BSE,EQ,B,buy,false,10.000000,76.730003,2207100,1759721400011726843,2025-10-06T10:27:31
TIPSMUSIC,INE716B01029,2025-10-08,BSE,EQ,A,buy,false,5.000000,560.849976,6841300,1759899988751160667,2025-10-08T10:47:34
SAREGAMA,INE979A01025,2025-10-08,BSE,EQ,A,buy,false,4.000000,464.899994,2508700,1759898067304662059,2025-10-08T10:48:00
RUSHIL,INE573K01025,2025-10-08,NSE,EQ,EQ,buy,false,24.000000,27.680000,603011037,1300000026962549,2025-10-08T10:49:58
AWHCL,INE01BK01022,2025-10-09,NSE,EQ,EQ,sell,false,5.000000,526.349976,3288672,1000000039631704,2025-10-09T12:54:52
AWHCL,INE01BK01022,2025-10-09,NSE,EQ,EQ,sell,false,8.000000,526.299988,3288673,1000000039631704,2025-10-09T12:54:52
AWHCL,INE01BK01022,2025-10-09,NSE,EQ,EQ,sell,false,11.000000,526.200012,3288674,1000000039631704,2025-10-09T12:54:52
AWHCL,INE01BK01022,2025-10-09,NSE,EQ,EQ,sell,false,6.000000,526.200012,3288675,1000000039631704,2025-10-09T12:54:52
ADANIPOWER,INE814H01029,2025-10-09,NSE,EQ,EQ,buy,false,15.000000,149.630005,3313222,1000000039948041,2025-10-09T12:57:13
ADANIPOWER,INE814H01029,2025-10-09,NSE,EQ,EQ,buy,false,35.000000,149.669998,3313223,1000000039948041,2025-10-09T12:57:13
RAILTEL,INE0DD101019,2025-10-10,NSE,EQ,EQ,buy,false,10.000000,389.299988,600248603,1300000001576268,2025-10-10T09:16:41
RAILTEL,INE0DD101019,2025-10-10,NSE,EQ,EQ,buy,false,1.000000,388.850006,601451743,1300000011229819,2025-10-10T09:41:01
RAILTEL,INE0DD101019,2025-10-10,NSE,EQ,EQ,buy,false,1.000000,388.850006,601451742,1300000011229819,2025-10-10T09:41:01
RAILTEL,INE0DD101019,2025-10-10,NSE,EQ,EQ,buy,false,8.000000,388.850006,601451744,1300000011229819,2025-10-10T09:41:01
IREDA,INE202E01016,2025-10-10,BSE,EQ,A,buy,false,2.000000,150.199997,1457100,1760067000248959079,2025-10-10T09:41:24
STLNETWORK,INE1VXE01018,2025-10-10,BSE,EQ,B,sell,false,150.000000,28.930000,4694600,1760069836447929881,2025-10-10T10:47:38
RUSHIL,INE573K01025,2025-10-10,NSE,EQ,EQ,buy,false,6.000000,27.430000,603652894,1300000028228430,2025-10-10T10:48:40
RUSHIL,INE573K01025,2025-10-10,NSE,EQ,EQ,buy,false,50.000000,27.430000,603664496,1300000028324877,2025-10-10T10:49:13
MCLOUD,INE613C01026,2025-10-10,BSE,EQ,B,buy,false,20.000000,77.489998,3963900,1760082425876009901,2025-10-10T13:19:36
TIPSMUSIC,INE716B01029,2025-10-13,NSE,EQ,EQ,buy,false,1.000000,538.849976,603370231,1300000027826509,2025-10-13T10:49:32
TIPSMUSIC,INE716B01029,2025-10-13,NSE,EQ,EQ,buy,false,1.000000,538.849976,603370232,1300000027826509,2025-10-13T10:49:32
TIPSMUSIC,INE716B01029,2025-10-15,NSE,EQ,EQ,buy,false,1.000000,517.000000,605294197,1300000046095668,2025-10-15T12:33:44
TIPSMUSIC,INE716B01029,2025-10-15,NSE,EQ,EQ,buy,false,3.000000,517.000000,605294196,1300000046095668,2025-10-15T12:33:44
TIPSMUSIC,INE716B01029,2025-10-15,NSE,EQ,EQ,buy,false,3.000000,517.000000,605294195,1300000046095668,2025-10-15T12:33:44
TIPSMUSIC,INE716B01029,2025-10-15,NSE,EQ,EQ,buy,false,3.000000,517.000000,605294194,1300000046095668,2025-10-15T12:33:44
TIPSMUSIC,INE716B01029,2025-10-15,NSE,EQ,EQ,buy,false,2.000000,517.049988,605300775,1300000046162863,2025-10-15T12:34:07
TIPSMUSIC,INE716B01029,2025-10-15,NSE,EQ,EQ,buy,false,1.000000,516.849976,605300774,1300000046162863,2025-10-15T12:34:07
SAREGAMA,INE979A01025,2025-10-15,BSE,EQ,A,buy,false,15.000000,460.649994,5350100,1760508475100920785,2025-10-15T12:51:45
RAILTEL,INE0DD101019,2025-10-15,NSE,EQ,EQ,buy,false,10.000000,371.149994,607205313,1300000063455167,2025-10-15T14:14:32
ZENTEC,INE251B01027,2025-10-16,NSE,EQ,EQ,buy,false,7.000000,1363.699951,603620809,1300000028917036,2025-10-16T10:58:54
ZENTEC,INE251B01027,2025-10-16,NSE,EQ,EQ,buy,false,1.000000,1363.699951,603620812,1300000028917036,2025-10-16T10:58:54
ZENTEC,INE251B01027,2025-10-16,NSE,EQ,EQ,buy,false,1.000000,1363.699951,603620811,1300000028917036,2025-10-16T10:58:54
ZENTEC,INE251B01027,2025-10-16,NSE,EQ,EQ,buy,false,1.000000,1363.699951,603620810,1300000028917036,2025-10-16T10:58:54
BSE,INE118H01025,2025-10-16,NSE,EQ,EQ,buy,false,5.000000,2561.699951,4081939,1000000040066608,2025-10-16T12:32:48
BSE,INE118H01025,2025-10-16,NSE,EQ,EQ,buy,false,2.000000,2558.800049,4094449,1000000040192397,2025-10-16T12:33:30
BSE,INE118H01025,2025-10-16,NSE,EQ,EQ,buy,false,3.000000,2560.800049,4121456,1000000040495972,2025-10-16T12:35:27
SAREGAMA,INE979A01025,2025-10-16,NSE,EQ,EQ,buy,false,5.000000,454.549988,605692752,1300000046432952,2025-10-16T12:36:51
MCLOUD,INE613C01026,2025-10-16,NSE,EQ,EQ,buy,false,10.000000,71.459999,404700166,1200000053048287,2025-10-16T13:35:42
BHEL,INE257A01026,2025-10-17,NSE,EQ,EQ,buy,false,2.000000,236.259995,2176773,1000000022683928,2025-10-17T10:35:17
RUSHIL,INE573K01025,2025-10-17,NSE,EQ,EQ,buy,false,8.000000,26.240000,605543514,1300000052105874,2025-10-17T12:57:30
COCHINSHIP,INE704P01025,2025-10-23,BSE,EQ,A,buy,false,2.000000,1808.250000,2490400,1761192428320399574,2025-10-23T09:52:53
MCLOUD,INE613C01026,2025-10-23,NSE,EQ,EQ,buy,false,30.000000,57.740002,401429321,1200000013464193,2025-10-23T09:53:33
TIPSMUSIC,INE716B01029,2025-10-27,BSE,EQ,A,buy,false,5.000000,534.700012,9973300,1761548005013312851,2025-10-27T12:42:57
SAREGAMA,INE979A01025,2025-10-27,NSE,EQ,EQ,buy,false,2.000000,453.950012,605087241,1300000048339710,2025-10-27T12:45:32
MCLOUD,INE613C01026,2025-10-28,NSE,EQ,EQ,buy,false,5.000000,55.639999,404744989,1200000055226416,2025-10-28T13:36:01
RUSHIL,INE573K01025,2025-10-29,NSE,EQ,EQ,buy,false,4.000000,27.110001,602751864,1300000023950198,2025-10-29T10:40:54
BBOX,INE676A01027,2025-10-29,NSE,EQ,EQ,sell,false,20.000000,542.849976,2006910,1000000021086788,2025-10-29T10:43:01
BBOX,INE676A01027,2025-10-29,NSE,EQ,EQ,sell,false,50.000000,542.900024,2006909,1000000021086788,2025-10-29T10:43:01
HBLENGINE,INE292B01021,2025-10-29,NSE,EQ,EQ,buy,false,10.000000,1003.900024,203583249,1100000035135208,2025-10-29T11:14:58
ANANTRAJ,INE242C01024,2025-10-29,NSE,EQ,EQ,buy,false,10.000000,636.000000,2646476,1000000027455877,2025-10-29T11:16:36
IREDA,INE202E01016,2025-10-29,NSE,EQ,EQ,buy,false,13.000000,153.979996,203619988,1100000035535674,2025-10-29T11:16:48
APOLLO,INE713T01028,2025-10-29,BSE,EQ,A,buy,false,1.000000,280.799988,10910600,1761714936165842993,2025-10-29T11:16:59
APOLLO,INE713T01028,2025-10-29,BSE,EQ,A,buy,false,9.000000,280.750000,10910400,1761714936165842993,2025-10-29T11:16:59
SAREGAMA,INE979A01025,2025-10-29,BSE,EQ,A,buy,false,3.000000,454.000000,5558000,1761716071767235250,2025-10-29T11:17:30
BEL,INE263A01024,2025-10-29,BSE,EQ,A,buy,false,10.000000,410.450012,12993300,1761715957733580782,2025-10-29T11:17:51
BEL,INE263A01024,2025-10-29,NSE,EQ,EQ,buy,false,5.000000,410.049988,2770804,1000000028646835,2025-10-29T11:22:34
TIPSMUSIC,INE716B01029,2025-10-29,BSE,EQ,A,buy,false,5.000000,523.599976,8068800,1761715645302465004,2025-10-29T11:23:26
RUSHIL,INE573K01025,2025-10-29,NSE,EQ,EQ,buy,false,16.000000,26.910000,606948394,1300000061703113,2025-10-29T14:29:22
RAILTEL,INE0DD101019,2025-10-29,BSE,EQ,A,buy,false,15.000000,372.299988,7576700,1761725847890729403,2025-10-29T14:30:11
BEL,INE263A01024,2025-10-29,NSE,EQ,EQ,buy,false,1.000000,407.500000,7037166,1000000065178505,2025-10-29T15:28:22
RUSHIL,INE573K01025,2025-11-04,NSE,EQ,EQ,buy,false,2.000000,26.959999,600482408,1300000003915566,2025-11-04T09:21:28
SAREGAMA,INE979A01025,2025-11-06,NSE,EQ,EQ,buy,false,1.000000,429.600006,602136104,1300000017236902,2025-11-06T10:05:42
SAREGAMA,INE979A01025,2025-11-06,NSE,EQ,EQ,buy,false,2.000000,429.600006,602136106,1300000017236902,2025-11-06T10:05:42
SAREGAMA,INE979A01025,2025-11-06,NSE,EQ,EQ,buy,false,7.000000,429.600006,602136105,1300000017236902,2025-11-06T10:05:42
APOLLO,INE713T01028,2025-11-06,BSE,EQ,A,buy,false,10.000000,269.950012,8702000,1762410068428208371,2025-11-06T12:00:27
SAREGAMA,INE979A01025,2025-11-06,NSE,EQ,EQ,buy,false,1.000000,429.750000,605484571,1300000048212233,2025-11-06T12:53:15
SAREGAMA,INE979A01025,2025-11-06,NSE,EQ,EQ,buy,false,9.000000,429.700012,605484570,1300000048212233,2025-11-06T12:53:15
APOLLO,INE713T01028,2025-11-06,NSE,EQ,EQ,buy,false,10.000000,269.700012,5240859,1000000047425766,2025-11-06T13:01:49
RAILTEL,INE0DD101019,2025-11-07,NSE,EQ,EQ,buy,false,3.000000,349.500000,600762833,1300000006822667,2025-11-07T09:29:54
CUPID,INE509F01029,2025-11-10,NSE,EQ,EQ,buy,false,2.000000,265.600006,1199872,1000000011925921,2025-11-10T09:49:14
CUPID,INE509F01029,2025-11-10,NSE,EQ,EQ,buy,false,8.000000,265.600006,1199873,1000000011925921,2025-11-10T09:49:14
MCLOUD,INE613C01026,2025-11-10,NSE,EQ,EQ,buy,false,55.000000,61.799999,401495805,1200000013850629,2025-11-10T09:49:42
BHARTIARTL,INE397D01024,2025-11-10,NSE,EQ,EQ,sell,false,6.000000,2011.800049,1227883,1000000012245540,2025-11-10T09:50:48
AZAD,INE02IJ01035,2025-11-10,BSE,EQ,A,buy,false,1.000000,1616.250000,2245700,1762747934989370510,2025-11-10T09:57:48
AZAD,INE02IJ01035,2025-11-10,BSE,EQ,A,buy,false,1.000000,1616.550049,2245900,1762747934989370510,2025-11-10T09:57:48
APOLLO,INE713T01028,2025-11-10,BSE,EQ,A,buy,false,30.000000,270.200012,3752100,1762747194092844429,2025-11-10T09:59:33
JIOFIN,INE758E01017,2025-11-10,NSE,EQ,EQ,buy,false,10.000000,301.000000,202077133,1100000017884873,2025-11-10T10:01:40
SAREGAMA,INE979A01025,2025-11-10,BSE,EQ,A,buy,false,2.000000,420.350006,3709100,1762753434551739142,2025-11-10T12:20:00
ASHOKLEY,INE208A01029,2025-11-12,NSE,EQ,EQ,buy,false,35.000000,145.669998,538260,1000000004188516,2025-11-12T09:23:25
BELRISE,INE894V01022,2025-11-12,BSE,EQ,B,sell,false,100.000000,158.000000,934900,1762918200008281672,2025-11-12T09:32:33
ASHOKLEY,INE208A01029,2025-11-13,NSE,EQ,EQ,buy,false,15.000000,149.610001,703071,1000000006281224,2025-11-13T09:29:34
ECORECO,INE316A01038,2025-11-13,BSE,EQ,B,buy,false,10.000000,517.950012,1341400,1763004600019050415,2025-11-13T10:00:15
SAREGAMA,INE979A01025,2025-11-14,BSE,EQ,A,buy,false,8.000000,402.850006,1054200,1763091000006507791,2025-11-14T09:35:26
COCHINSHIP,INE704P01025,2025-11-14,BSE,EQ,A,buy,false,1.000000,1716.349976,2385000,1763093411414808565,2025-11-14T10:12:11
BHEL,INE257A01026,2025-11-18,BSE,EQ,A,sell,false,122.000000,283.049988,217200,1763436600011068259,2025-11-18T09:17:11
JIOFIN,INE758E01017,2025-11-18,BSE,EQ,A,sell,false,70.000000,310.500000,1221700,1763436600011578855,2025-11-18T09:27:44
ASHOKLEY,INE208A01029,2025-11-18,NSE,EQ,EQ,sell,false,50.000000,147.839996,597313,1000000005352050,2025-11-18T09:30:05
COCHINSHIP,INE704P01025,2025-11-18,NSE,EQ,EQ,buy,false,1.000000,1709.400024,5593942,1000000048935015,2025-11-18T15:12:44
RUSHIL,INE573K01025,2025-11-19,NSE,EQ,EQ,buy,false,70.000000,24.280001,603270457,1300000025798618,2025-11-19T11:39:09
MCLOUD,INE613C01026,2025-11-19,NSE,EQ,EQ,buy,false,50.000000,65.739998,403659925,1200000031571893,2025-11-19T11:55:19
CUPID,INE509F01029,2025-11-19,NSE,EQ,EQ,sell,false,10.000000,333.799988,2778644,1000000028453709,2025-11-19T11:57:42
JPPOWER,INE351F01018,2025-11-20,NSE,EQ,EQ,buy,false,100.000000,22.590000,200877237,1100000006627922,2025-11-20T09:28:19
JPPOWER,INE351F01018,2025-11-20,NSE,EQ,EQ,buy,false,220.000000,22.590000,200904100,1100000006847693,2025-11-20T09:28:58
ADANIPORTS,INE742F01042,2025-11-20,NSE,EQ,EQ,buy,false,1.000000,1499.000000,839844,1000000007811377,2025-11-20T09:46:05
ADANIPORTS,INE742F01042,2025-11-20,NSE,EQ,EQ,buy,false,2.000000,1499.000000,839845,1000000007811377,2025-11-20T09:46:05
ADANIPORTS,INE742F01042,2025-11-20,NSE,EQ,EQ,buy,false,7.000000,1499.000000,839843,1000000007811377,2025-11-20T09:46:05
HBLENGINE,INE292B01021,2025-11-20,BSE,EQ,A,buy,false,10.000000,933.299988,1679500,1763612325865061979,2025-11-20T09:54:30
ENRIN,INE1NPP01017,2025-11-20,NSE,EQ,EQ,buy,false,5.000000,3382.899902,202114444,1100000016700529,2025-11-20T10:08:31
HBLENGINE,INE292B01021,2025-11-20,NSE,EQ,EQ,sell,false,10.000000,928.000000,202330151,1100000018401661,2025-11-20T10:17:24
HBLENGINE,INE292B01021,2025-11-20,BSE,EQ,A,sell,false,10.000000,930.450012,2144600,1763612325865424263,2025-11-20T10:20:25
ENRIN,INE1NPP01017,2025-11-20,NSE,EQ,EQ,buy,false,1.000000,3369.100098,202647924,1100000021117794,2025-11-20T10:31:39
ENRIN,INE1NPP01017,2025-11-20,NSE,EQ,EQ,buy,false,1.000000,3369.199951,202647925,1100000021117794,2025-11-20T10:31:39
ENRIN,INE1NPP01017,2025-11-20,NSE,EQ,EQ,buy,false,3.000000,3369.500000,202647926,1100000021117794,2025-11-20T10:31:39
ENRIN,INE1NPP01017,2025-11-20,NSE,EQ,EQ,buy,false,5.000000,3362.000000,202783968,1100000022248251,2025-11-20T10:37:45
ENRIN,INE1NPP01017,2025-11-20,NSE,EQ,EQ,sell,false,1.000000,3347.899902,202819119,1100000022567667,2025-11-20T10:39:32
ENRIN,INE1NPP01017,2025-11-20,NSE,EQ,EQ,sell,false,14.000000,3347.899902,202819120,1100000022567667,2025-11-20T10:39:32
APOLLO,INE713T01028,2025-11-20,BSE,EQ,A,sell,false,100.000000,284.250000,5103800,1763617494330453886,2025-11-20T11:47:00
DMART,INE192R01011,2025-11-20,NSE,EQ,EQ,buy,false,1.000000,4073.399902,204739605,1100000037885964,2025-11-20T12:27:25
DMART,INE192R01011,2025-11-20,NSE,EQ,EQ,buy,false,2.000000,4072.199951,204739603,1100000037885964,2025-11-20T12:27:25
DMART,INE192R01011,2025-11-20,NSE,EQ,EQ,buy,false,2.000000,4073.300049,204739604,1100000037885964,2025-11-20T12:27:25
DMART,INE192R01011,2025-11-20,NSE,EQ,EQ,sell,false,1.000000,4091.899902,206181480,1100000049356126,2025-11-20T13:57:50
DMART,INE192R01011,2025-11-20,NSE,EQ,EQ,sell,false,4.000000,4092.100098,206181479,1100000049356126,2025-11-20T13:57:50
ADANIPORTS,INE742F01042,2025-11-20,NSE,EQ,EQ,sell,false,10.000000,1493.599976,4279868,1000000040341222,2025-11-20T14:36:33
JPPOWER,INE351F01018,2025-11-21,NSE,EQ,EQ,buy,false,30.000000,20.410000,200642086,1100000005290170,2025-11-21T09:25:50
RAILTEL,INE0DD101019,2025-11-21,NSE,EQ,EQ,buy,false,7.000000,348.600006,600547176,1300000004836624,2025-11-21T09:26:17
SAREGAMA,INE979A01025,2025-11-21,BSE,EQ,A,buy,false,10.000000,379.649994,937100,1763695800040621753,2025-11-21T09:46:31
CDSL,INE736A01011,2025-11-21,NSE,EQ,EQ,sell,false,30.000000,1627.599976,1818750,1000000018590099,2025-11-21T10:47:15
CDSL,INE736A01011,2025-11-21,NSE,EQ,EQ,buy,false,30.000000,1610.000000,5028138,1000000050753986,2025-11-21T15:09:18
ADANIPOWER,INE814H01029,2025-11-24,BSE,EQ,A,buy,false,17.000000,147.699997,7751300,1763964349188880180,2025-11-24T12:23:52
ADANIPOWER,INE814H01029,2025-11-24,BSE,EQ,A,buy,false,3.000000,147.750000,7751500,1763964349188880180,2025-11-24T12:23:52
JPPOWER,INE351F01018,2025-11-25,BSE,EQ,A,buy,false,50.000000,19.980000,3634200,1764044399037087902,2025-11-25T10:01:42
MCLOUD,INE613C01026,2025-11-28,NSE,EQ,EQ,sell,false,250.000000,29.930000,404917622,1200000005773806,2025-11-28T09:29:23
SUDEEPPHRM,INE0QPI01025,2025-11-28,NSE,EQ,EQ,buy,false,15.000000,783.599976,800515474,1400000001256395,2025-11-28T11:28:48
SUDEEPPHRM,INE0QPI01025,2025-11-28,NSE,EQ,EQ,sell,false,15.000000,776.500000,800783202,1400000002163649,2025-11-28T15:08:59
JSWENERGY,INE121E01018,2025-12-01,NSE,EQ,EQ,buy,false,2.000000,491.850006,200322943,1100000002112186,2025-12-01T09:18:11
JSWENERGY,INE121E01018,2025-12-01,NSE,EQ,EQ,buy,false,9.000000,491.899994,200322944,1100000002112186,2025-12-01T09:18:11
JSWENERGY,INE121E01018,2025-12-01,NSE,EQ,EQ,buy,false,1.000000,490.950012,200785250,1100000005600910,2025-12-01T09:28:17
JSWENERGY,INE121E01018,2025-12-01,NSE,EQ,EQ,buy,false,3.000000,490.799988,200785249,1100000005600910,2025-12-01T09:28:17
SAREGAMA,INE979A01025,2025-12-05,BSE,EQ,A,buy,false,10.000000,363.950012,781900,1764905400107343884,2025-12-05T09:58:19
TIPSMUSIC,INE716B01029,2025-12-05,NSE,EQ,EQ,buy,false,1.000000,530.299988,601289664,1300000011695960,2025-12-05T09:59:25
TIPSMUSIC,INE716B01029,2025-12-05,NSE,EQ,EQ,buy,false,1.000000,530.349976,601289666,1300000011695960,2025-12-05T09:59:25
TIPSMUSIC,INE716B01029,2025-12-05,NSE,EQ,EQ,buy,false,1.000000,530.400024,601289667,1300000011695960,2025-12-05T09:59:25
TIPSMUSIC,INE716B01029,2025-12-05,NSE,EQ,EQ,buy,false,1.000000,530.400024,601289672,1300000011695960,2025-12-05T09:59:25
TIPSMUSIC,INE716B01029,2025-12-05,NSE,EQ,EQ,buy,false,2.000000,530.299988,601289665,1300000011695960,2025-12-05T09:59:25
TIPSMUSIC,INE716B01029,2025-12-05,NSE,EQ,EQ,buy,false,3.000000,530.400024,601289669,1300000011695960,2025-12-05T09:59:25
TIPSMUSIC,INE716B01029,2025-12-05,NSE,EQ,EQ,buy,false,3.000000,530.400024,601289670,1300000011695960,2025-12-05T09:59:25
TIPSMUSIC,INE716B01029,2025-12-05,NSE,EQ,EQ,buy,false,4.000000,530.400024,601289668,1300000011695960,2025-12-05T09:59:25
TIPSMUSIC,INE716B01029,2025-12-05,NSE,EQ,EQ,buy,false,4.000000,530.400024,601289671,1300000011695960,2025-12-05T09:59:25
IRFC,INE053F01010,2025-12-05,BSE,EQ,A,buy,false,20.000000,114.050003,3351100,1764907264583908342,2025-12-05T10:02:21
SAREGAMA,INE979A01025,2025-12-05,NSE,EQ,EQ,buy,false,1.000000,363.649994,601739260,1300000016149381,2025-12-05T10:20:20
SAREGAMA,INE979A01025,2025-12-05,NSE,EQ,EQ,buy,false,9.000000,363.600006,601739259,1300000016149381,2025-12-05T10:20:20
IRFC,INE053F01010,2025-12-05,NSE,EQ,EQ,buy,false,30.000000,114.239998,205836668,1100000053428228,2025-12-05T13:49:30
JSWENERGY,INE121E01018,2025-12-08,NSE,EQ,EQ,buy,false,5.000000,468.149994,200648410,1100000004919249,2025-12-08T09:24:28
BEL,INE263A01024,2025-12-08,NSE,EQ,EQ,buy,false,9.000000,397.399994,1299659,1000000012118497,2025-12-08T10:13:11
BSE,INE118H01025,2025-12-11,NSE,EQ,EQ,buy,false,5.000000,2655.000000,1259244,1000000014479181,2025-12-11T10:14:53
SAREGAMA,INE979A01025,2025-12-19,NSE,EQ,EQ,buy,false,10.000000,344.799988,601892551,1300000016759612,2025-12-19T10:12:29
BEL,INE263A01024,2025-12-19,BSE,EQ,A,buy,false,10.000000,389.399994,7935000,1766127127395867966,2025-12-19T12:55:56
HINDZINC,INE267A01025,2025-12-24,NSE,EQ,EQ,buy,false,10.000000,619.000000,200004078,1100000000127895,2025-12-24T09:00:22
HINDCOPPER,INE531E01026,2025-12-24,BSE,EQ,A,sell,false,190.000000,429.049988,8430000,1766562717309106487,2025-12-24T13:23:53
HINDCOPPER,INE531E01026,2025-12-24,BSE,EQ,A,sell,false,250.000000,429.100006,8429700,1766562717309106487,2025-12-24T13:23:53
HINDCOPPER,INE531E01026,2025-12-24,NSE,EQ,EQ,buy,false,100.000000,428.750000,206634436,1100000057188528,2025-12-24T14:09:09
RAILTEL,INE0DD101019,2025-12-29,NSE,EQ,EQ,buy,false,40.000000,382.899994,600195979,1300000001010972,2025-12-29T09:15:59
SAREGAMA,INE979A01025,2025-12-29,NSE,EQ,EQ,buy,false,10.000000,349.149994,600377367,1300000002137833,2025-12-29T09:17:56
JPPOWER,INE351F01018,2025-12-29,BSE,EQ,A,buy,false,100.000000,17.230000,301228600,1766979000148398393,2025-12-29T09:21:58
ZENTEC,INE251B01027,2025-12-29,NSE,EQ,EQ,buy,false,1.000000,1383.099976,602407084,1300000017541163,2025-12-29T10:08:30
ZENTEC,INE251B01027,2025-12-29,NSE,EQ,EQ,buy,false,1.000000,1383.099976,602407086,1300000017541163,2025-12-29T10:08:30
ZENTEC,INE251B01027,2025-12-29,NSE,EQ,EQ,buy,false,8.000000,1383.099976,602407085,1300000017541163,2025-12-29T10:08:30
NETWEB,INE0NT901020,2025-12-29,NSE,EQ,EQ,buy,false,1.000000,3127.899902,401731046,1200000017358973,2025-12-29T10:19:19
NETWEB,INE0NT901020,2025-12-29,NSE,EQ,EQ,buy,false,4.000000,3127.800049,401731045,1200000017358973,2025-12-29T10:19:19
SAREGAMA,INE979A01025,2025-12-29,NSE,EQ,EQ,buy,false,1.000000,346.000000,602669884,1300000019730405,2025-12-29T10:19:50
SAREGAMA,INE979A01025,2025-12-29,NSE,EQ,EQ,buy,false,4.000000,346.000000,602669885,1300000019730405,2025-12-29T10:19:50
SAREGAMA,INE979A01025,2025-12-29,NSE,EQ,EQ,buy,false,5.000000,346.000000,602669883,1300000019730405,2025-12-29T10:19:50
IREDA,INE202E01016,2025-12-30,NSE,EQ,EQ,sell,false,1.000000,136.699997,203935474,1100000031946579,2025-12-30T11:18:16
IREDA,INE202E01016,2025-12-30,NSE,EQ,EQ,sell,false,219.000000,136.699997,203935475,1100000031946579,2025-12-30T11:18:16
HINDZINC,INE267A01025,2026-01-05,NSE,EQ,EQ,buy,false,10.000000,631.400024,202437546,1100000018520899,2026-01-05T10:07:41
TIPSMUSIC,INE716B01029,2026-01-05,NSE,EQ,EQ,buy,false,10.000000,545.349976,608460541,1300000063004615,2026-01-05T15:25:33
ECORECO,INE316A01038,2026-01-06,BSE,EQ,B,buy,false,10.000000,536.950012,509600,1767670200014059583,2026-01-06T09:33:23
ECORECO,INE316A01038,2026-01-06,BSE,EQ,B,buy,false,10.000000,536.799988,516700,1767670200014169618,2026-01-06T09:33:38
AWHCL,INE01BK01022,2026-01-06,NSE,EQ,EQ,buy,false,10.000000,484.649994,708723,1000000006240314,2026-01-06T09:34:24
NMDC,INE584A01023,2026-01-06,NSE,EQ,EQ,buy,false,100.000000,84.389999,401678410,1200000016782435,2026-01-06T10:05:11
SAREGAMA,INE979A01025,2026-01-06,NSE,EQ,EQ,buy,false,10.000000,356.200012,602053962,1300000016404742,2026-01-06T10:06:27
ECORECO,INE316A01038,2026-01-06,BSE,EQ,B,buy,false,20.000000,522.900024,1524500,1767670200014292768,2026-01-06T10:31:27
NSDL,INE301O01023,2026-01-06,BSE,EQ,B,buy,false,10.000000,1068.400024,1642100,1767670200014162067,2026-01-06T10:32:36
ECORECO,INE316A01038,2026-01-06,BSE,EQ,B,buy,false,10.000000,521.950012,1673700,1767670200014319006,2026-01-06T10:45:15
RUSHIL,INE573K01025,2026-01-06,NSE,EQ,EQ,buy,false,100.000000,22.459999,603228526,1300000026337210,2026-01-06T11:00:12
RUSHIL,INE573K01025,2026-01-06,NSE,EQ,EQ,buy,false,50.000000,22.430000,603371112,1300000027543577,2026-01-06T11:07:01
ZENTEC,INE251B01027,2026-01-07,NSE,EQ,EQ,buy,false,5.000000,1323.699951,606372653,1300000057560758,2026-01-07T13:52:28
ECORECO,INE316A01038,2026-01-08,BSE,EQ,B,buy,false,7.000000,487.000000,1223500,1767843000000105649,2026-01-08T10:58:54
ECORECO,INE316A01038,2026-01-09,BSE,EQ,B,buy,false,3.000000,475.649994,2366200,1767929400006307980,2026-01-09T13:13:54
ZENTEC,INE251B01027,2026-01-13,BSE,EQ,A,buy,false,1.000000,1262.300049,705000,1768275000013441042,2026-01-13T09:30:16
ZENTEC,INE251B01027,2026-01-13,BSE,EQ,A,buy,false,4.000000,1262.400024,705200,1768275000013441042,2026-01-13T09:30:16
NMDC,INE584A01023,2026-01-13,NSE,EQ,EQ,buy,false,30.000000,81.970001,402721883,1200000032852815,2026-01-13T11:42:26
RAILTEL,INE0DD101019,2026-01-13,BSE,EQ,A,buy,false,10.000000,343.350006,4836000,1768281638696747847,2026-01-13T11:42:55
RUSHIL,INE573K01025,2026-01-13,NSE,EQ,EQ,buy,false,1.000000,21.330000,603353155,1300000034337232,2026-01-13T11:43:09
RUSHIL,INE573K01025,2026-01-13,NSE,EQ,EQ,buy,false,99.000000,21.330000,603353156,1300000034337232,2026-01-13T11:43:09
CDSL,INE736A01011,2026-01-21,NSE,EQ,EQ,buy,false,5.000000,1335.599976,4500192,1000000046223937,2026-01-21T12:07:05
SAREGAMA,INE979A01025,2026-01-22,NSE,EQ,EQ,buy,false,14.000000,332.600006,606813886,1300000051070650,2026-01-22T11:35:21
SAREGAMA,INE979A01025,2026-01-22,NSE,EQ,EQ,buy,false,16.000000,332.649994,606813887,1300000051070650,2026-01-22T11:35:21
ADANIPOWER,INE814H01029,2026-01-22,BSE,EQ,A,buy,false,30.000000,139.550003,8698200,1769064794215148502,2026-01-22T12:35:46
SAREGAMA,INE979A01025,2026-01-27,NSE,EQ,EQ,buy,false,10.000000,327.850006,603946220,1300000033489586,2026-01-27T10:29:47
CDSL,INE736A01011,2026-01-28,NSE,EQ,EQ,buy,false,5.000000,1350.900024,3894003,1000000042713252,2026-01-28T12:49:33
CDSL,INE736A01011,2026-02-02,NSE,EQ,EQ,buy,false,10.000000,1240.900024,8234263,1000000088995192,2026-02-02T15:27:47
NMDC,INE584A01023,2026-02-04,NSE,EQ,EQ,sell,false,130.000000,85.269997,403061945,1200000033412286,2026-02-04T10:54:19
HINDZINC,INE267A01025,2026-02-04,BSE,EQ,A,sell,false,20.000000,635.849976,5978400,1770180876576345078,2026-02-04T10:55:08
ZENTEC,INE251B01027,2026-02-10,NSE,EQ,EQ,buy,false,5.000000,1335.400024,601467424,1300000011450552,2026-02-10T09:38:48
CGPOWER,INE067A01029,2026-02-10,NSE,EQ,EQ,sell,false,1.000000,686.900024,1006664,1000000008936030,2026-02-10T09:39:10
CGPOWER,INE067A01029,2026-02-10,NSE,EQ,EQ,sell,false,26.000000,686.799988,1006666,1000000008936030,2026-02-10T09:39:10
CGPOWER,INE067A01029,2026-02-10,NSE,EQ,EQ,sell,false,3.000000,686.799988,1006665,1000000008936030,2026-02-10T09:39:10
RUSHIL,INE573K01025,2026-02-10,NSE,EQ,EQ,buy,false,100.000000,20.889999,602855621,1300000023928355,2026-02-10T10:20:22
ADANIPOWER,INE814H01029,2026-02-10,NSE,EQ,EQ,sell,false,100.000000,149.899994,2141479,1000000020380751,2026-02-10T10:36:20
EIEL,INE0LLY01014,2026-02-10,NSE,EQ,EQ,buy,false,30.000000,177.850006,203086201,1100000027792506,2026-02-10T10:40:38
ZENTEC,INE251B01027,2026-02-12,NSE,EQ,EQ,buy,false,2.000000,1339.000000,600011260,1300000000048479,2026-02-12T09:00:05
ZENTEC,INE251B01027,2026-02-12,NSE,EQ,EQ,buy,false,3.000000,1339.000000,600011261,1300000000048479,2026-02-12T09:00:05
ZENTEC,INE251B01027,2026-02-16,NSE,EQ,EQ,buy,false,5.000000,1316.000000,602693435,1300000027860775,2026-02-16T10:48:01
JSWENERGY,INE121E01018,2026-02-17,NSE,EQ,EQ,sell,false,20.000000,489.000000,202873764,1100000026650494,2026-02-17T10:36:06
HINDCOPPER,INE531E01026,2026-02-17,BSE,EQ,A,sell,false,7.000000,553.799988,5853300,1771302029642809800,2026-02-17T10:59:11
HINDCOPPER,INE531E01026,2026-02-17,BSE,EQ,A,sell,false,93.000000,553.750000,5853600,1771302029642809800,2026-02-17T10:59:11
