symbol,isin,trade_date,exchange,segment,series,trade_type,auction,quantity,price,trade_id,order_id,order_execution_time
WEBELSOLAR,INE855C01015,2022-04-01,NSE,EQ,EQ,buy,false,10.000000,95.550003,75376442,1300000001475665,2022-04-01T09:25:55
MTARTECH,INE864I01014,2022-04-01,NSE,EQ,EQ,buy,false,1.000000,1763.000000,51570298,1200000006294070,2022-04-01T10:33:58
TATAMOTORS,INE155A01022,2022-04-01,NSE,EQ,EQ,buy,false,2.000000,434.100006,77369436,1300000009151913,2022-04-01T11:36:52
TATAPOWER,INE245A01021,2022-04-04,NSE,EQ,EQ,buy,false,10.000000,247.199997,75166151,1300000000541022,2022-04-04T09:16:27
MTARTECH,INE864I01014,2022-04-04,NSE,EQ,EQ,buy,false,3.000000,1762.550049,50265859,1200000000871077,2022-04-04T09:19:30
BSE,INE118H01025,2022-04-04,NSE,EQ,EQ,buy,false,2.000000,923.299988,4180376,1000000017403728,2022-04-04T14:01:26
ADANIPORTS,INE742F01042,2022-04-04,NSE,EQ,EQ,sell,false,2.000000,816.250000,4262473,1000000017791612,2022-04-04T14:09:34
ADANIPORTS,INE742F01042,2022-04-05,BSE,EQ,A,sell,false,8.000000,835.250000,1108700,1649129400021115883,2022-04-05T09:21:15
SAREGAMA,INE979A01017,2022-04-05,BSE,EQ,A,sell,false,1.000000,4951.049805,12154900,1649130600382431722,2022-04-05T09:22:16
SAREGAMA,INE979A01017,2022-04-05,BSE,EQ,A,sell,false,1.000000,4951.000000,12155100,1649130600382431722,2022-04-05T09:22:16
LT,INE018A01030,2022-04-05,NSE,EQ,EQ,buy,false,2.000000,1834.000000,50354838,1200000001417951,2022-04-05T09:24:12
ADANIPORTS,INE742F01042,2022-04-05,BSE,EQ,A,sell,false,6.000000,839.250000,1471000,1649129400021244499,2022-04-05T09:24:42
DMART,INE192R01011,2022-04-05,BSE,EQ,A,buy,false,1.000000,4129.950195,16343000,1649130600382994398,2022-04-05T09:25:27
DMART,INE192R01011,2022-04-05,BSE,EQ,A,buy,false,1.000000,4129.200195,16342800,1649130600382994398,2022-04-05T09:25:27
DMART,INE192R01011,2022-04-06,NSE,EQ,EQ,buy,false,1.000000,4095.750000,25545603,1100000001888389,2022-04-06T09:26:42
BORORENEW,INE666D01022,2022-04-06,BSE,EQ,A,sell,false,2.000000,641.750000,18893200,1649217391090279834,2022-04-06T09:31:34
BSE,INE118H01025,2022-04-06,NSE,EQ,EQ,buy,false,2.000000,911.549988,742632,1000000002366436,2022-04-06T09:32:31
NIFTYBEES,INF204KB14I2,2022-04-06,NSE,EQ,EQ,buy,false,10.000000,193.669998,50633452,1200000002473066,2022-04-06T09:33:03
UNIONBANK,INE692A01016,2022-04-06,BSE,EQ,A,sell,false,100.000000,42.950001,1652000,1649215800028256800,2022-04-06T10:27:49
CAMS,INE596I01012,2022-04-06,BSE,EQ,A,sell,false,1.000000,2569.899902,71159200,1649221023463018454,2022-04-06T11:33:20
TATAMOTORS,INE155A01022,2022-04-06,BSE,EQ,A,buy,false,4.000000,456.850006,7484600,1649222692890348092,2022-04-06T11:36:37
TATAMOTORS,INE155A01022,2022-04-06,BSE,EQ,A,buy,false,5.000000,457.200012,11543800,1649231090653107204,2022-04-06T13:35:56
TATAMOTORS,INE155A01022,2022-04-06,BSE,EQ,A,buy,false,1.000000,457.500000,11546400,1649231090653107380,2022-04-06T13:36:09
ITC,INE154A01025,2022-04-06,BSE,EQ,A,sell,false,20.000000,260.049988,10571700,1649225792688676801,2022-04-06T14:29:40
BORORENEW,INE666D01022,2022-04-07,BSE,EQ,A,sell,false,5.000000,672.000000,30539300,1649303314104885912,2022-04-07T09:43:59
BORORENEW,INE666D01022,2022-04-07,BSE,EQ,A,sell,false,1.000000,672.000000,30537900,1649303314104885912,2022-04-07T09:43:59
BORORENEW,INE666D01022,2022-04-07,BSE,EQ,A,sell,false,1.000000,672.000000,30538100,1649303314104885912,2022-04-07T09:43:59
BORORENEW,INE666D01022,2022-04-07,BSE,EQ,A,sell,false,1.000000,672.000000,30537700,1649303314104885912,2022-04-07T09:43:59
BORORENEW,INE666D01022,2022-04-07,BSE,EQ,A,sell,false,1.000000,672.000000,30538900,1649303314104885912,2022-04-07T09:43:59
BORORENEW,INE666D01022,2022-04-07,BSE,EQ,A,sell,false,1.000000,672.000000,30538300,1649303314104885912,2022-04-07T09:43:59
BORORENEW,INE666D01022,2022-04-07,BSE,EQ,A,sell,false,1.000000,672.000000,30538500,1649303314104885912,2022-04-07T09:43:59
BORORENEW,INE666D01022,2022-04-07,BSE,EQ,A,sell,false,1.000000,672.000000,30538700,1649303314104885912,2022-04-07T09:43:59
BORORENEW,INE666D01022,2022-04-07,BSE,EQ,A,sell,false,6.000000,676.849976,32772100,1649304592903463826,2022-04-07T09:47:09
NIFTYBEES,INF204KB14I2,2022-04-07,BSE,EQ,B,buy,false,16.000000,191.690002,2855900,1649303100011276451,2022-04-07T10:33:37
WEBELSOLAR,INE855C01015,2022-04-12,BSE,EQ,B,sell,false,70.000000,120.099998,5889600,1649735253082323690,2022-04-12T09:21:58
PARAS,INE045601015,2022-04-12,BSE,EQ,B,sell,false,8.000000,711.400024,6670100,1649735253082524093,2022-04-12T09:23:18
IDFCFIRSTB,INE092T01019,2022-04-12,NSE,EQ,EQ,sell,false,346.000000,41.549999,25441728,1100000001545367,2022-04-12T09:24:10
IDFCFIRSTB,INE092T01019,2022-04-12,NSE,EQ,EQ,sell,false,417.000000,41.549999,25441729,1100000001545367,2022-04-12T09:24:10
IDFCFIRSTB,INE092T01019,2022-04-12,NSE,EQ,EQ,sell,false,187.000000,41.549999,25441727,1100000001545367,2022-04-12T09:24:10
TATAELXSI,INE670A01012,2022-04-12,NSE,EQ,EQ,sell,false,1.000000,8622.099609,75532023,1300000001800930,2022-04-12T09:25:07
PRAJIND,INE074A01025,2022-04-12,NSE,EQ,EQ,sell,false,3.000000,403.200012,51871951,1200000007410389,2022-04-12T10:34:04
PRAJIND,INE074A01025,2022-04-12,NSE,EQ,EQ,sell,false,15.000000,403.250000,51871950,1200000007410389,2022-04-12T10:34:04
PRAJIND,INE074A01025,2022-04-12,NSE,EQ,EQ,sell,false,1.000000,403.299988,51871949,1200000007410389,2022-04-12T10:34:04
DWARKESH,INE366A01041,2022-04-12,NSE,EQ,EQ,sell,false,49.000000,134.500000,27130039,1100000007231142,2022-04-12T10:34:35
ALKYLAMINE,INE150B01039,2022-04-12,BSE,EQ,A,sell,false,4.000000,3266.399902,56047300,1649739544040088953,2022-04-12T10:34:45
BSE,INE118H01025,2022-04-12,NSE,EQ,EQ,sell,false,6.000000,886.400024,1940937,1000000006849504,2022-04-12T10:35:01
BALKRISIND,INE787D01026,2022-04-12,NSE,EQ,EQ,sell,false,9.000000,2080.000000,1946759,1000000006874791,2022-04-12T10:35:29
POONAWALLA,INE511C01022,2022-04-13,BSE,EQ,A,buy,false,25.000000,329.000000,39500,1649820600020039150,2022-04-13T09:07:11
MSTC,INE255X01014,2022-04-13,BSE,EQ,A,sell,false,20.000000,350.299988,44902400,1649825914842294625,2022-04-13T10:37:04
GOLDBEES,INF204KB17I5,2022-04-13,BSE,EQ,E,buy,false,100.000000,45.700001,234300,1649821500023011997,2022-04-13T10:38:14
MTARTECH,INE864I01014,2022-04-19,NSE,EQ,EQ,buy,false,2.000000,1729.000000,52414531,1200000010019104,2022-04-19T11:24:55
MTARTECH,INE864I01014,2022-04-19,NSE,EQ,EQ,buy,false,1.000000,1688.300049,55532049,1200000023045689,2022-04-19T15:16:47
CDSL,INE736A01011,2022-04-22,NSE,EQ,EQ,buy,false,1.000000,1433.000000,1394513,1000000004802935,2022-04-22T10:05:06
POONAWALLA,INE511C01022,2022-04-22,BSE,EQ,A,sell,false,25.000000,332.450012,36118900,1650602780229228748,2022-04-22T10:22:40
BORORENEW,INE666D01022,2022-04-22,NSE,EQ,EQ,sell,false,5.000000,762.500000,1825344,1000000006217350,2022-04-22T10:31:03
BORORENEW,INE666D01022,2022-04-22,NSE,EQ,EQ,sell,false,5.000000,768.250000,1834776,1000000006249225,2022-04-22T10:31:37
MTARTECH,INE864I01014,2022-04-25,BSE,EQ,A,buy,false,2.000000,1693.150024,39200200,1650860706581471687,2022-04-25T10:06:55
LT,INE018A01030,2022-04-25,BSE,EQ,A,buy,false,2.000000,1671.800049,2480500,1650857400070427726,2022-04-25T10:07:14
GREAVESCOT,INE224A01026,2022-04-26,NSE,EQ,EQ,buy,false,20.000000,182.000000,25879168,1100000003113699,2022-04-26T09:43:34
BRIGADE,INE791I01019,2022-04-26,BSE,EQ,A,buy,false,1.000000,463.149994,16992400,1650945956644465595,2022-04-26T09:44:07
CDSL,INE736A01011,2022-04-28,NSE,EQ,EQ,buy,false,1.000000,1390.550049,4099574,1000000017336468,2022-04-28T14:02:25
CDSL,INE736A01011,2022-04-28,NSE,EQ,EQ,buy,false,2.000000,1390.750000,4099576,1000000017336468,2022-04-28T14:02:25
CDSL,INE736A01011,2022-04-28,NSE,EQ,EQ,buy,false,2.000000,1390.550049,4099575,1000000017336468,2022-04-28T14:02:25
ASAL,INE900C01027,2022-04-29,BSE,EQ,T,buy,false,2.000000,546.400024,689300,1651203000003017452,2022-04-29T09:51:45
IEX,INE022Q01020,2022-05-02,NSE,EQ,EQ,buy,false,20.000000,209.449997,28713814,1100000013789602,2022-05-02T13:07:20
CDSL,INE736A01011,2022-05-02,NSE,EQ,EQ,buy,false,5.000000,1310.000000,2944891,1000000013682390,2022-05-02T13:07:43
CDSL,INE736A01011,2022-05-04,NSE,EQ,EQ,buy,false,5.000000,1308.000000,518228,1000000001962278,2022-05-04T09:29:47
TATACHEM,INE092A01019,2022-05-04,NSE,EQ,EQ,buy,false,1.000000,1043.000000,76016786,1300000003679339,2022-05-04T09:42:12
IDFCFIRSTB,INE092T01019,2022-05-05,BSE,EQ,A,buy,false,150.000000,40.000000,6287900,1651721400017722160,2022-05-05T13:22:15
GREAVESCOT,INE224A01026,2022-05-06,BSE,EQ,A,buy,false,20.000000,152.350006,3000200,1651807800084669046,2022-05-06T10:30:44
ZENTEC,INE251B01027,2022-05-06,BSE,EQ,B,buy,false,5.000000,184.949997,6347400,1651807800047808772,2022-05-06T10:34:06
ZENTEC,INE251B01027,2022-05-06,BSE,EQ,B,buy,false,5.000000,185.000000,6347600,1651807800047808772,2022-05-06T10:34:06
LT,INE018A01030,2022-05-06,BSE,EQ,A,buy,false,1.000000,1625.800049,3610600,1651807800117838150,2022-05-06T10:35:14
TIPSINDLTD,INE716B01011,2022-05-06,NSE,EQ,BE,buy,false,1.000000,1756.199951,77454876,1300000010188186,2022-05-06T10:54:51
SAREGAMA,INE979A01025,2022-05-06,BSE,EQ,A,buy,false,5.000000,398.200012,61010900,1651815243152222335,2022-05-06T11:11:41
NIFTYBEES,INF204KB14I2,2022-05-06,BSE,EQ,B,buy,false,24.000000,177.729996,5949200,1651808700010670136,2022-05-06T12:55:05
GAEL,INE036B01030,2022-05-06,NSE,EQ,EQ,buy,false,1.000000,312.200012,29084883,1100000017826405,2022-05-06T13:26:26
IEX,INE022Q01020,2022-05-09,NSE,EQ,EQ,buy,false,20.000000,199.449997,27793251,1100000012334913,2022-05-09T12:05:14
PRAJIND,INE074A01025,2022-05-09,BSE,EQ,A,buy,false,5.000000,373.299988,78212000,1652078414891668711,2022-05-09T12:29:21
BSE,INE118H01025,2022-05-09,NSE,EQ,EQ,buy,false,9.000000,805.849976,3439666,1000000014345985,2022-05-09T12:29:39
IEX,INE022Q01020,2022-05-09,NSE,EQ,EQ,buy,false,10.000000,202.800003,28440287,1100000015601315,2022-05-09T13:03:27
CDSL,INE736A01011,2022-05-09,NSE,EQ,EQ,buy,false,5.000000,1183.849976,4355936,1000000019309534,2022-05-09T13:57:12
TRIDENT,INE064C01022,2022-05-09,NSE,EQ,EQ,buy,false,50.000000,48.900002,79527461,1300000019553690,2022-05-09T13:58:03
TATAMOTORS,INE155A01022,2022-05-10,NSE,EQ,EQ,buy,false,4.000000,403.899994,76985539,1300000008011371,2022-05-10T10:48:32
PIDILITIND,INE318A01026,2022-05-10,BSE,EQ,A,buy,false,2.000000,2214.199951,2284200,1652153400007383167,2022-05-10T10:51:12
GUJALKALI,INE186A01019,2022-05-10,NSE,EQ,EQ,buy,false,1.000000,911.400024,27004753,1100000009080219,2022-05-10T11:18:40
GUJALKALI,INE186A01019,2022-05-10,NSE,EQ,EQ,buy,false,4.000000,911.450012,27004754,1100000009080219,2022-05-10T11:18:40
IEX,INE022Q01020,2022-05-12,BSE,EQ,A,buy,false,10.000000,189.300003,5540100,1652326200071493968,2022-05-12T09:57:21
TRIDENT,INE064C01022,2022-05-12,NSE,EQ,EQ,buy,false,50.000000,45.849998,76810753,1300000007389704,2022-05-12T10:29:39
CDSL,INE736A01011,2022-05-12,NSE,EQ,EQ,buy,false,2.000000,1084.250000,1499329,1000000007075441,2022-05-12T10:30:55
CDSL,INE736A01011,2022-05-12,NSE,EQ,EQ,buy,false,3.000000,1084.199951,1499328,1000000007075441,2022-05-12T10:30:55
LATENTVIEW,INE0I7C01011,2022-05-12,NSE,EQ,EQ,buy,false,15.000000,394.950012,55383627,1200000025414290,2022-05-12T15:22:24
TATAPOWER,INE245A01021,2022-05-16,NSE,EQ,EQ,buy,false,10.000000,224.850006,75807118,1300000003055348,2022-05-16T09:39:32
SAREGAMA,INE979A01025,2022-05-16,BSE,EQ,A,buy,false,5.000000,393.200012,16714100,1652673873070271682,2022-05-16T09:40:01
BRIGADE,INE791I01019,2022-05-16,NSE,EQ,EQ,buy,false,10.000000,418.799988,819329,1000000003081218,2022-05-16T09:40:31
PRAJIND,INE074A01025,2022-05-16,NSE,EQ,EQ,buy,false,14.000000,336.350006,50584827,1200000002837085,2022-05-16T09:41:28
GREAVESCOT,INE224A01026,2022-05-16,BSE,EQ,A,buy,false,10.000000,147.399994,1175800,1652671800109402072,2022-05-16T09:49:25
IEX,INE022Q01020,2022-05-16,NSE,EQ,EQ,buy,false,10.000000,189.649994,25969183,1100000004348432,2022-05-16T09:56:46
LICI,INE0J1Y01017,2022-05-17,NSE,EQ,EQ,buy,false,1.000000,911.599976,51205518,1200000004838386,2022-05-17T10:03:42
LICI,INE0J1Y01017,2022-05-17,NSE,EQ,EQ,buy,false,1.000000,893.500000,52901376,1200000012189332,2022-05-17T11:58:55
NIFTYBEES,INF204KB14I2,2022-05-17,NSE,EQ,EQ,buy,false,4.000000,175.360001,53455540,1200000014914193,2022-05-17T12:55:39
CENTURYTEX,INE055A01016,2022-05-20,NSE,EQ,EQ,buy,false,2.000000,726.150024,1160938,1000000005158562,2022-05-20T10:30:39
TATACHEM,INE092A01019,2022-05-30,NSE,EQ,EQ,buy,false,4.000000,949.500000,76236097,1300000005371323,2022-05-30T10:18:26
CDSL,INE736A01011,2022-05-30,NSE,EQ,EQ,buy,false,1.000000,1121.550049,1096082,1000000005107805,2022-05-30T10:19:18
NIFTYBEES,INF204KB14I2,2022-05-30,NSE,EQ,EQ,buy,false,1.000000,180.500000,52227586,1200000010100724,2022-05-30T11:41:36
NAZARA,INE418L01021,2022-06-01,BSE,EQ,B,buy,false,2.000000,1203.250000,9601600,1654056648070100932,2022-06-01T09:48:38
PRAJIND,INE074A01025,2022-06-01,BSE,EQ,A,buy,false,5.000000,343.149994,29553600,1654057076218409347,2022-06-01T09:58:44
DWARKESH,INE366A01041,2022-06-01,NSE,EQ,EQ,buy,false,4.000000,111.199997,26169947,1100000004742921,2022-06-01T10:01:56
BALRAMCHIN,INE119A01028,2022-06-01,NSE,EQ,EQ,buy,false,4.000000,405.600006,1145832,1000000004811051,2022-06-01T10:02:09
LICI,INE0J1Y01017,2022-06-01,BSE,EQ,A,buy,false,3.000000,815.400024,1590200,1654054200012310099,2022-06-01T10:02:25
ASAL,INE900C01027,2022-06-01,BSE,EQ,T,buy,false,3.000000,419.950012,1589000,1654054200000018224,2022-06-01T10:02:50
CDSL,INE736A01011,2022-06-07,NSE,EQ,EQ,buy,false,2.000000,1151.300049,1475025,1000000006641128,2022-06-07T11:05:22
IEX,INE022Q01020,2022-06-07,BSE,EQ,A,buy,false,10.000000,178.300003,4512600,1654572600070773613,2022-06-07T11:05:37
IEX,INE022Q01020,2022-06-09,BSE,EQ,A,buy,false,5.000000,183.699997,4868600,1654745400087669720,2022-06-09T10:59:19
SAREGAMA,INE979A01025,2022-06-14,BSE,EQ,A,buy,false,10.000000,383.000000,7287900,1655178637503032248,2022-06-14T09:24:30
PRAJIND,INE074A01025,2022-06-14,BSE,EQ,A,buy,false,3.000000,306.850006,7538300,1655178637503338367,2022-06-14T09:24:58
TRIDENT,INE064C01022,2022-06-14,BSE,EQ,A,buy,false,10.000000,41.549999,8011900,1655177400000295547,2022-06-14T09:25:40
CDSL,INE736A01011,2022-06-21,NSE,EQ,EQ,buy,false,1.000000,1107.000000,584975,1000000002798121,2022-06-21T09:44:42
CENTURYTEX,INE055A01016,2022-06-21,NSE,EQ,EQ,buy,false,1.000000,735.500000,590020,1000000002825307,2022-06-21T09:45:07
IEX,INE022Q01020,2022-06-21,BSE,EQ,A,buy,false,1.000000,173.149994,1979100,1655782200013375162,2022-06-21T09:59:17
TRIDENT,INE064C01022,2022-06-21,BSE,EQ,A,buy,false,1.000000,34.099998,26653000,1655785628077126752,2022-06-21T10:00:22
IEX,INE022Q01020,2022-06-21,BSE,EQ,A,buy,false,5.000000,173.300003,2029700,1655782200013377509,2022-06-21T10:01:23
TRIDENT,INE064C01022,2022-06-21,BSE,EQ,A,buy,false,4.000000,34.349998,27801300,1655785628077298585,2022-06-21T10:03:05
NIFTYBEES,INF204KB14I2,2022-06-30,BSE,EQ,B,buy,false,10.000000,171.960007,920400,1656560700019201987,2022-06-30T10:36:15
TRIDENT,INE064C01022,2022-06-30,BSE,EQ,A,buy,false,15.000000,38.400002,25629000,1656561105646665850,2022-06-30T10:37:17
IEX,INE022Q01020,2022-06-30,NSE,EQ,EQ,buy,false,9.000000,158.800003,26349064,1100000006131179,2022-06-30T10:37:29
GAEL,INE036B01030,2022-06-30,NSE,EQ,EQ,buy,false,4.000000,277.799988,26353767,1100000006159056,2022-06-30T10:38:00
IEX,INE022Q01020,2022-06-30,NSE,EQ,EQ,buy,false,9.000000,159.399994,26440466,1100000006576352,2022-06-30T10:46:06
IEX,INE022Q01020,2022-06-30,NSE,EQ,EQ,buy,false,1.000000,159.399994,26442542,1100000006588418,2022-06-30T10:46:19
CDSL,INE736A01011,2022-06-30,NSE,EQ,EQ,buy,false,1.000000,1117.400024,1137384,1000000006288626,2022-06-30T10:46:40
ZENTEC,INE251B01027,2022-06-30,NSE,EQ,EQ,buy,false,10.000000,173.949997,76590471,1300000007279777,2022-06-30T10:47:05
NIFTYBEES,INF204KB14I2,2022-06-30,BSE,EQ,B,buy,false,4.000000,172.240005,1021400,1656560700019208089,2022-06-30T10:47:36
DMART,INE192R01011,2022-07-01,NSE,EQ,EQ,buy,false,1.000000,3372.750000,26586717,1100000008422197,2022-07-01T11:23:18
TATACHEM,INE092A01019,2022-07-05,NSE,EQ,EQ,buy,false,5.000000,811.250000,75612882,1300000002702681,2022-07-05T09:40:13
SAREGAMA,INE979A01025,2022-07-05,BSE,EQ,A,buy,false,5.000000,366.850006,20072200,1656995620806246086,2022-07-05T10:08:47
NIFTYBEES,INF204KB14I2,2022-07-07,NSE,EQ,EQ,buy,false,4.000000,174.990005,51550074,1200000006817569,2022-07-07T11:17:04
DWARKESH,INE366A01041,2022-07-26,NSE,EQ,EQ,buy,false,8.000000,114.900002,25967539,1100000004398779,2022-07-26T10:04:11
DWARKESH,INE366A01041,2022-07-26,NSE,EQ,EQ,buy,false,2.000000,114.900002,25967540,1100000004398779,2022-07-26T10:04:11
BALRAMCHIN,INE119A01028,2022-07-26,BSE,EQ,A,buy,false,5.000000,375.700012,757300,1658806200049206504,2022-07-26T10:04:30
THYROCARE,INE594H01019,2022-07-26,NSE,EQ,EQ,buy,false,5.000000,627.500000,76253240,1300000005305749,2022-07-26T10:05:18
GREAVESCOT,INE224A01026,2022-07-26,BSE,EQ,A,buy,false,5.000000,161.449997,1013300,1658806200051357839,2022-07-26T10:07:31
TIPSINDLTD,INE716B01011,2022-07-28,BSE,EQ,B,sell,false,1.000000,1806.050049,15164100,1658985332986386232,2022-07-28T11:06:28
YESBANK,INE528G01035,2022-07-28,NSE,EQ,EQ,buy,false,100.000000,14.700000,77148632,1300000008776022,2022-07-28T11:07:44
TRIDENT,INE064C01022,2022-07-28,BSE,EQ,A,buy,false,20.000000,38.049999,53181700,1658980378467367679,2022-07-28T11:08:25
TATAPOWER,INE245A01021,2022-07-28,NSE,EQ,EQ,buy,false,10.000000,221.199997,77177728,1300000008891377,2022-07-28T11:09:32
PRAJIND,INE074A01025,2022-08-01,BSE,EQ,A,buy,false,1.000000,402.600006,65320800,1659332887756227978,2022-08-01T11:27:32
PRAJIND,INE074A01025,2022-08-01,BSE,EQ,A,buy,false,1.000000,402.649994,65321000,1659332887756227978,2022-08-01T11:27:32
MTARTECH,INE864I01014,2022-08-01,BSE,EQ,A,buy,false,1.000000,1318.099976,73505300,1659334570001187361,2022-08-01T12:00:25
BSE,INE118H01025,2022-08-01,NSE,EQ,EQ,buy,false,1.000000,691.349976,2176044,1000000010611462,2022-08-01T12:00:47
TCS,INE467B01029,2022-08-01,NSE,EQ,EQ,buy,false,2.000000,3298.050049,78296093,1300000012755690,2022-08-01T12:01:01
CENTURYTEX,INE055A01016,2022-08-01,NSE,EQ,EQ,sell,false,1.000000,835.049988,2929395,1000000013825076,2022-08-01T13:27:16
CENTURYTEX,INE055A01016,2022-08-01,NSE,EQ,EQ,sell,false,1.000000,835.049988,2929394,1000000013825076,2022-08-01T13:27:16
CENTURYTEX,INE055A01016,2022-08-01,NSE,EQ,EQ,sell,false,1.000000,835.049988,2929393,1000000013825076,2022-08-01T13:27:16
IDFCFIRSTB,INE092T01019,2022-08-01,BSE,EQ,A,buy,false,25.000000,42.299999,16876200,1659342259708109308,2022-08-01T14:03:27
CDSL,INE736A01011,2022-08-01,NSE,EQ,EQ,buy,false,1.000000,1164.000000,3223548,1000000015125545,2022-08-01T14:04:27
LXCHEM,INE576O01020,2022-08-02,NSE,EQ,EQ,buy,false,3.000000,319.299988,50356866,1200000001435913,2022-08-02T09:23:51
IEX,INE022Q01020,2022-08-02,BSE,EQ,A,buy,false,1.000000,165.600006,3418900,1659411000007508194,2022-08-02T10:12:09
ZOMATO,INE758T01015,2022-08-03,NSE,EQ,EQ,buy,false,1.000000,54.349998,77260138,1300000008289693,2022-08-03T10:48:05
LXCHEM,INE576O01020,2022-08-05,BSE,EQ,A,buy,false,17.000000,314.149994,61682600,1659679915744266987,2022-08-05T11:56:34
SAREGAMA,INE979A01025,2022-08-05,BSE,EQ,A,buy,false,2.000000,408.700012,61752300,1659679915744302624,2022-08-05T11:56:52
SAREGAMA,INE979A01025,2022-08-05,BSE,EQ,A,buy,false,3.000000,408.750000,61752500,1659679915744302624,2022-08-05T11:56:52
ITC,INE154A01025,2022-08-05,NSE,EQ,EQ,buy,false,8.000000,310.850006,27467578,1100000011877646,2022-08-05T11:58:21
ZOMATO,INE758T01015,2022-08-05,NSE,EQ,EQ,buy,false,2.000000,58.450001,78349774,1300000014569773,2022-08-05T13:28:44
DEEPAKNTR,INE288B01029,2022-08-05,NSE,EQ,EQ,buy,false,2.000000,2036.800049,28560569,1100000016858748,2022-08-05T13:36:40
ASAHIINDIA,INE439A01020,2022-08-05,NSE,EQ,EQ,buy,false,8.000000,574.049988,2649140,1000000013047402,2022-08-05T13:37:48
ASAHIINDIA,INE439A01020,2022-08-05,NSE,EQ,EQ,buy,false,1.000000,574.049988,2649141,1000000013047402,2022-08-05T13:37:48
ASAHIINDIA,INE439A01020,2022-08-05,NSE,EQ,EQ,buy,false,1.000000,574.049988,2649139,1000000013047402,2022-08-05T13:37:48
TATAELXSI,INE670A01012,2022-08-05,NSE,EQ,EQ,sell,false,1.000000,9287.000000,78827072,1300000017121842,2022-08-05T14:09:29
CDSL,INE736A01011,2022-08-08,NSE,EQ,EQ,buy,false,1.000000,1166.500000,1431039,1000000007018137,2022-08-08T11:00:39
CDSL,INE736A01011,2022-08-08,NSE,EQ,EQ,buy,false,3.000000,1166.449951,1431038,1000000007018137,2022-08-08T11:00:39
IEX,INE022Q01020,2022-08-08,NSE,EQ,EQ,buy,false,9.000000,165.949997,26567188,1100000007167284,2022-08-08T11:01:20
NAZARA,INE418L01021,2022-08-08,NSE,EQ,EQ,buy,false,5.000000,661.799988,51684973,1200000008361668,2022-08-08T11:01:43
HDFCBANK,INE040A01034,2022-08-08,NSE,EQ,EQ,buy,false,2.000000,1457.000000,27555413,1100000011350249,2022-08-08T12:49:27
TRIDENT,INE064C01022,2022-08-10,BSE,EQ,A,buy,false,30.000000,37.700001,326608300,1660103824077828886,2022-08-10T09:44:22
TATAMOTORS,INE155A01022,2022-08-10,NSE,EQ,EQ,buy,false,1.000000,466.799988,77494761,1300000010173382,2022-08-10T11:34:20
ZENTEC,INE251B01027,2022-08-12,NSE,EQ,EQ,buy,false,2.000000,184.100006,75953707,1300000003907497,2022-08-12T09:52:53
RELAXO,INE131B01039,2022-08-12,NSE,EQ,EQ,buy,false,2.000000,1006.000000,77633271,1300000010684534,2022-08-12T12:10:56
RELAXO,INE131B01039,2022-08-12,NSE,EQ,EQ,buy,false,3.000000,1006.400024,77633272,1300000010684534,2022-08-12T12:10:56
TATAMOTORS,INE155A01022,2022-08-16,NSE,EQ,EQ,buy,false,4.000000,490.399994,80129582,1300000023543604,2022-08-16T15:27:42
TATAPOWER,INE245A01021,2022-08-16,BSE,EQ,A,buy,false,10.000000,236.699997,5908600,1660640786356300738,2022-08-16T15:28:09
GOLDBEES,INF204KB17I5,2022-08-17,BSE,EQ,E,sell,false,300.000000,44.599998,604300,1660707900015013530,2022-08-17T13:25:24
ZENSARTECH,INE520A01027,2022-08-18,NSE,EQ,EQ,buy,false,21.000000,239.149994,75587676,1300000002097420,2022-08-18T09:27:07
BORORENEW,INE666D01022,2022-08-18,NSE,EQ,EQ,buy,false,9.000000,597.250000,405095,1000000001653656,2022-08-18T09:28:03
RTNINDIA,INE834M01019,2022-08-18,NSE,EQ,EQ,buy,false,100.000000,50.200001,75650080,1300000002329710,2022-08-18T09:29:13
PARAS,INE045601015,2022-08-18,NSE,EQ,EQ,buy,false,5.000000,649.150024,50440432,1200000001925894,2022-08-18T09:29:28
IEX,INE022Q01020,2022-08-18,NSE,EQ,EQ,buy,false,1.000000,173.800003,25948700,1100000003884341,2022-08-18T09:49:01
LXCHEM,INE576O01020,2022-08-18,NSE,EQ,EQ,buy,false,15.000000,344.899994,51621647,1200000007622179,2022-08-18T10:58:16
GAEL,INE036B01030,2022-08-18,BSE,EQ,A,sell,false,5.000000,290.850006,84047200,1660801138922127059,2022-08-18T11:16:00
DIXON,INE935N01020,2022-08-18,BSE,EQ,A,sell,false,1.000000,4082.000000,84469400,1660799300729882746,2022-08-18T11:17:17
ALKYLAMINE,INE150B01039,2022-08-18,BSE,EQ,A,sell,false,1.000000,3050.000000,84688200,1660801138922265150,2022-08-18T11:17:51
IDFCFIRSTB,INE092T01019,2022-08-18,NSE,EQ,EQ,sell,false,25.000000,45.450001,27390233,1100000010060891,2022-08-18T11:39:49
CDSL,INE736A01011,2022-08-18,NSE,EQ,EQ,buy,false,2.000000,1216.699951,2227724,1000000009854921,2022-08-18T12:18:27
IEX,INE022Q01020,2022-08-18,NSE,EQ,EQ,buy,false,20.000000,168.850006,27781068,1100000011860106,2022-08-18T12:18:45
BORORENEW,INE666D01022,2022-08-19,NSE,EQ,EQ,buy,false,5.000000,598.000000,1043727,1000000004522282,2022-08-19T09:58:22
DWARKESH,INE366A01041,2022-08-19,BSE,EQ,A,buy,false,8.000000,104.400002,38278300,1660882928725366201,2022-08-19T10:02:30
NIFTYBEES,INF204KB14I2,2022-08-22,NSE,EQ,EQ,sell,false,10.000000,191.850006,52456692,1200000012993972,2022-08-22T12:15:32
RTNINDIA,INE834M01019,2022-08-22,NSE,EQ,EQ,buy,false,25.000000,56.450001,78335872,1300000015071531,2022-08-22T12:40:13
ZOMATO,INE758T01015,2022-08-22,NSE,EQ,EQ,buy,false,2.000000,60.750000,78936064,1300000017835641,2022-08-22T13:29:20
IEX,INE022Q01020,2022-08-23,BSE,EQ,A,buy,false,2.000000,157.500000,936600,1661225400024109147,2022-08-23T09:22:19
GREAVESCOT,INE224A01026,2022-08-23,BSE,EQ,A,sell,false,47.000000,167.649994,1853100,1661225400019456502,2022-08-23T10:26:20
GREAVESCOT,INE224A01026,2022-08-23,BSE,EQ,A,sell,false,8.000000,167.600006,1853300,1661225400019456502,2022-08-23T10:26:20
ZENSARTECH,INE520A01027,2022-08-23,BSE,EQ,A,buy,false,1.000000,228.649994,1589000,1661225400019359683,2022-08-23T10:37:16
ZENSARTECH,INE520A01027,2022-08-23,BSE,EQ,A,buy,false,8.000000,228.600006,1588800,1661225400019359683,2022-08-23T10:37:16
ZENTEC,INE251B01027,2022-08-23,BSE,EQ,A,buy,false,4.000000,196.949997,61734200,1661229533241168716,2022-08-23T10:37:30
ZENTEC,INE251B01027,2022-08-23,BSE,EQ,A,buy,false,4.000000,196.850006,61734000,1661229533241168716,2022-08-23T10:37:30
BRIGADE,INE791I01019,2022-08-23,BSE,EQ,A,buy,false,7.000000,493.000000,61907800,1661230787012294117,2022-08-23T10:37:50
ZENTEC,INE251B01027,2022-08-24,BSE,EQ,A,buy,false,8.000000,204.350006,12376100,1661313031770465049,2022-08-24T09:25:35
ZENTEC,INE251B01027,2022-08-24,BSE,EQ,A,buy,false,2.000000,204.300003,12375900,1661313031770465049,2022-08-24T09:25:35
DWARKESH,INE366A01041,2022-08-24,NSE,EQ,EQ,buy,false,7.000000,96.300003,25982931,1100000005286112,2022-08-24T09:59:52
RELAXO,INE131B01039,2022-08-24,BSE,EQ,A,buy,false,3.000000,988.549988,6636300,1661311800058487942,2022-08-24T10:45:28
ZOMATO,INE758T01015,2022-08-24,BSE,EQ,A,buy,false,15.000000,63.200001,48163900,1661316967583051006,2022-08-24T10:45:51
ASAL,INE900C01027,2022-08-24,NSE,EQ,EQ,buy,false,1.000000,428.700012,1369871,1000000008318865,2022-08-24T10:46:33
BSE,INE118H01025,2022-08-26,NSE,EQ,EQ,buy,false,4.000000,650.000000,2411426,1000000012796201,2022-08-26T12:53:51
BORORENEW,INE666D01022,2022-08-26,NSE,EQ,EQ,buy,false,1.000000,558.799988,2530639,1000000013568614,2022-08-26T13:07:28
BORORENEW,INE666D01022,2022-08-26,NSE,EQ,EQ,buy,false,2.000000,558.799988,2530638,1000000013568614,2022-08-26T13:07:28
BORORENEW,INE666D01022,2022-08-30,BSE,EQ,A,buy,false,1.000000,572.849976,84412700,1661844793287306628,2022-08-30T13:21:17
PRAJIND,INE074A01025,2022-09-01,NSE,EQ,EQ,sell,false,6.000000,426.500000,51115918,1200000005150769,2022-09-01T10:05:47
NCC,INE868B01028,2022-09-01,NSE,EQ,EQ,buy,false,30.000000,71.000000,53667851,1200000018585841,2022-09-01T14:06:08
PIDILITIND,INE318A01026,2022-09-02,NSE,EQ,EQ,sell,false,2.000000,2881.949951,50565804,1200000002878828,2022-09-02T09:36:00
LT,INE018A01030,2022-09-02,NSE,EQ,EQ,sell,false,1.000000,1918.599976,50571927,1200000002911924,2022-09-02T09:36:19
IDFCFIRSTB,INE092T01019,2022-09-02,NSE,EQ,EQ,sell,false,30.000000,48.900002,25622323,1100000002957333,2022-09-02T09:36:35
SAREGAMA,INE979A01025,2022-09-02,NSE,EQ,EQ,sell,false,4.000000,411.200012,75900860,1300000003782776,2022-09-02T09:37:01
TATAPOWER,INE245A01021,2022-09-02,NSE,EQ,EQ,sell,false,8.000000,236.800003,75907802,1300000003815555,2022-09-02T09:37:15
BRIGADE,INE791I01019,2022-09-02,BSE,EQ,A,sell,false,40.000000,516.150024,24963900,1662090973007978335,2022-09-02T09:37:35
BRIGADE,INE791I01019,2022-09-02,BSE,EQ,A,sell,false,10.000000,517.400024,24963100,1662090973007978335,2022-09-02T09:37:35
BRIGADE,INE791I01019,2022-09-02,BSE,EQ,A,sell,false,1.000000,516.400024,24963300,1662090973007978335,2022-09-02T09:37:35
BRIGADE,INE791I01019,2022-09-02,BSE,EQ,A,sell,false,3.000000,516.349976,24963500,1662090973007978335,2022-09-02T09:37:35
BRIGADE,INE791I01019,2022-09-02,BSE,EQ,A,sell,false,3.000000,516.250000,24963700,1662090973007978335,2022-09-02T09:37:35
IDFCFIRSTB,INE092T01019,2022-09-02,NSE,EQ,EQ,sell,false,170.000000,49.000000,25701879,1100000003369063,2022-09-02T09:40:39
ZENTEC,INE251B01027,2022-09-02,NSE,EQ,EQ,sell,false,4.000000,207.699997,76008369,1300000004319928,2022-09-02T09:40:58
ZENTEC,INE251B01027,2022-09-02,NSE,EQ,EQ,sell,false,29.000000,207.750000,76008367,1300000004319928,2022-09-02T09:40:58
ZENTEC,INE251B01027,2022-09-02,NSE,EQ,EQ,sell,false,5.000000,207.800003,76008366,1300000004319928,2022-09-02T09:40:58
ZENTEC,INE251B01027,2022-09-02,NSE,EQ,EQ,sell,false,10.000000,207.899994,76008365,1300000004319928,2022-09-02T09:40:58
ZENTEC,INE251B01027,2022-09-02,NSE,EQ,EQ,sell,false,29.000000,207.600006,76008371,1300000004319928,2022-09-02T09:40:58
ZENTEC,INE251B01027,2022-09-02,NSE,EQ,EQ,sell,false,3.000000,207.649994,76008370,1300000004319928,2022-09-02T09:40:58
ZENTEC,INE251B01027,2022-09-02,NSE,EQ,EQ,sell,false,26.000000,207.699997,76008368,1300000004319928,2022-09-02T09:40:58
ZENTEC,INE251B01027,2022-09-02,NSE,EQ,EQ,sell,false,29.000000,207.550003,76008373,1300000004319928,2022-09-02T09:40:58
ZENTEC,INE251B01027,2022-09-02,NSE,EQ,EQ,sell,false,15.000000,207.600006,76008372,1300000004319928,2022-09-02T09:40:58
BALKRISIND,INE787D01026,2022-09-02,NSE,EQ,EQ,sell,false,1.000000,2021.000000,669924,1000000003631187,2022-09-02T09:41:11
NCC,INE868B01028,2022-09-02,NSE,EQ,EQ,sell,false,30.000000,72.849998,50660233,1200000003405562,2022-09-02T09:41:19
ASAHIINDIA,INE439A01020,2022-09-02,NSE,EQ,EQ,sell,false,10.000000,639.250000,895565,1000000004986701,2022-09-02T09:55:25
ASAL,INE900C01027,2022-09-02,NSE,EQ,EQ,sell,false,6.000000,497.700012,899233,1000000005007087,2022-09-02T09:55:40
RTNINDIA,INE834M01019,2022-09-02,NSE,EQ,EQ,sell,false,125.000000,51.849998,76374530,1300000006286150,2022-09-02T09:57:09
LXCHEM,INE576O01020,2022-09-02,NSE,EQ,EQ,sell,false,15.000000,331.600006,51047127,1200000005700329,2022-09-02T10:08:26
LXCHEM,INE576O01020,2022-09-02,NSE,EQ,EQ,sell,false,20.000000,331.549988,51047128,1200000005700329,2022-09-02T10:08:26
PARAS,INE045601015,2022-09-02,BSE,EQ,B,sell,false,3.000000,707.500000,17036800,1662093073382048133,2022-09-02T10:09:36
PARAS,INE045601015,2022-09-02,BSE,EQ,B,sell,false,2.000000,707.549988,17036600,1662093073382048133,2022-09-02T10:09:36
YESBANK,INE528G01035,2022-09-02,BSE,EQ,A,sell,false,100.000000,16.250000,2179900,1662089400057290309,2022-09-02T10:52:02
TRIDENT,INE064C01022,2022-09-05,BSE,EQ,A,buy,false,50.000000,41.700001,65797800,1662354183088908180,2022-09-05T11:02:07
PATANJALI,INE619A01035,2022-09-05,BSE,EQ,T,buy,false,10.000000,1319.000000,3976900,1662348600000146099,2022-09-05T11:42:50
CDSL,INE736A01011,2022-09-06,NSE,EQ,EQ,buy,false,2.000000,1318.000000,1520808,1000000008796588,2022-09-06T10:51:30
CDSL,INE736A01011,2022-09-06,NSE,EQ,EQ,buy,false,6.000000,1318.000000,2301565,1000000013511131,2022-09-06T12:26:05
IEX,INE022Q01020,2022-09-06,NSE,EQ,EQ,buy,false,17.000000,160.000000,27941417,1100000015005295,2022-09-06T12:41:44
TNPETRO,INE148A01019,2022-09-07,NSE,EQ,EQ,buy,false,50.000000,107.800003,76784512,1300000008905314,2022-09-07T10:45:19
TATASTEEL,INE081A01020,2022-09-07,NSE,EQ,EQ,buy,false,50.000000,107.500000,77796168,1300000014269370,2022-09-07T12:08:10
HINDALCO,INE038A01020,2022-09-08,NSE,EQ,EQ,buy,false,10.000000,424.700012,28049918,1100000015782354,2022-09-08T13:02:05
BALKRISIND,INE787D01026,2022-09-09,NSE,EQ,EQ,buy,false,5.000000,2006.800049,889143,1000000004565105,2022-09-09T09:58:09
BERGEPAINT,INE463A01038,2022-09-12,BSE,EQ,A,buy,false,5.000000,666.500000,241600,1662953400106051948,2022-09-12T09:26:37
LATENTVIEW,INE0I7C01011,2022-09-12,NSE,EQ,EQ,sell,false,15.000000,406.100006,50406983,1200000001991230,2022-09-12T09:27:39
TATASTEEL,INE081A01020,2022-09-12,BSE,EQ,A,buy,false,50.000000,107.099998,4201200,1662953400106585918,2022-09-12T09:51:01
BORORENEW,INE666D01022,2022-09-12,BSE,EQ,A,buy,false,2.000000,588.700012,31960600,1662955341121990200,2022-09-12T09:51:53
ZOMATO,INE758T01015,2022-09-12,NSE,EQ,EQ,sell,false,20.000000,62.799999,76228624,1300000005589175,2022-09-12T10:06:33
NAZARA,INE418L01021,2022-09-12,BSE,EQ,A,buy,false,5.000000,783.150024,57341800,1662959049791629261,2022-09-12T10:56:31
TATACHEM,INE092A01019,2022-09-13,NSE,EQ,EQ,sell,false,10.000000,1185.699951,76818237,1300000007395089,2022-09-13T10:39:36
ITC,INE154A01025,2022-09-14,BSE,EQ,A,sell,false,44.000000,330.000000,22100,1663126200005002338,2022-09-14T09:07:14
GUJALKALI,INE186A01019,2022-09-14,NSE,EQ,EQ,sell,false,5.000000,950.099976,25004222,1100000000067502,2022-09-14T09:07:59
HDFCBANK,INE040A01034,2022-09-14,NSE,EQ,EQ,sell,false,2.000000,1494.050049,25005428,1100000000073314,2022-09-14T09:07:59
THYROCARE,INE594H01019,2022-09-14,BSE,EQ,A,sell,false,5.000000,680.000000,47400,1663126200007009046,2022-09-14T09:15:00
ITC,INE154A01025,2022-09-14,BSE,EQ,A,sell,false,1.000000,336.649994,1248000,1663126200005131633,2022-09-14T09:42:00
NIFTYBEES,INF204KB14I2,2022-09-14,NSE,EQ,EQ,sell,false,13.000000,195.429993,50822321,1200000003914152,2022-09-14T09:44:22
LT,INE018A01030,2022-09-14,BSE,EQ,A,sell,false,14.000000,1959.300049,1647000,1663126200006158441,2022-09-14T09:50:13
PIDILITIND,INE318A01026,2022-09-14,NSE,EQ,EQ,sell,false,1.000000,2870.350098,50938689,1200000004488195,2022-09-14T09:50:57
RELAXO,INE131B01039,2022-09-14,BSE,EQ,A,sell,false,1.000000,1081.000000,2817000,1663126200008002076,2022-09-14T09:52:30
CDSL,INE736A01011,2022-09-14,NSE,EQ,EQ,sell,false,2.000000,1375.000000,1237730,1000000005619618,2022-09-14T09:58:38
ZENTEC,INE251B01027,2022-09-14,NSE,EQ,EQ,buy,false,5.000000,221.699997,76982518,1300000010088330,2022-09-14T10:42:14
ZENTEC,INE251B01027,2022-09-14,NSE,EQ,EQ,buy,false,4.000000,221.800003,76982520,1300000010088330,2022-09-14T10:42:14
ZENTEC,INE251B01027,2022-09-14,NSE,EQ,EQ,buy,false,1.000000,221.750000,76982519,1300000010088330,2022-09-14T10:42:14
LXCHEM,INE576O01020,2022-09-15,NSE,EQ,EQ,buy,false,10.000000,392.649994,50138319,1200000000680910,2022-09-15T09:17:20
DEEPAKNI,INE288B01029,2022-09-16,BSE,EQ,A,sell,false,2.000000,2164.449951,3897700,1663299000226450131,2022-09-16T12:18:55
RELAXO,INE131B01039,2022-09-19,BSE,EQ,A,sell,false,6.000000,1090.500000,924800,1663557301017126389,2022-09-19T09:19:14
PATANJALI,INE619A01035,2022-09-19,BSE,EQ,T,sell,false,9.000000,1327.000000,599300,1663557301067024351,2022-09-19T09:19:28
ASIANPAINT,INE021A01026,2022-09-19,BSE,EQ,A,sell,false,2.000000,3258.050049,416600,1663557301023076349,2022-09-19T09:19:38
ASIANPAINT,INE021A01026,2022-09-19,BSE,EQ,A,sell,false,2.000000,3258.000000,416900,1663557301023076349,2022-09-19T09:19:38
PRAJIND,INE074A01025,2022-09-19,BSE,EQ,A,sell,false,23.000000,399.549988,6931500,1663559342261007226,2022-09-19T09:20:00
DMART,INE192R01011,2022-09-19,NSE,EQ,EQ,sell,false,4.000000,4315.299805,25285648,1100000001315559,2022-09-19T09:20:50
SAREGAMA,INE979A01025,2022-09-19,BSE,EQ,A,buy,false,14.000000,377.950012,55968400,1663563053063413535,2022-09-19T10:42:22
CDSL,INE736A01011,2022-09-19,NSE,EQ,EQ,sell,false,30.000000,1315.099976,4333928,1000000028013316,2022-09-19T14:20:28
CDSL,INE736A01011,2022-09-19,NSE,EQ,EQ,sell,false,22.000000,1315.099976,4333929,1000000028013316,2022-09-19T14:20:28
CDSL,INE736A01011,2022-09-19,NSE,EQ,EQ,sell,false,42.000000,1314.400024,4333931,1000000028013316,2022-09-19T14:20:28
CDSL,INE736A01011,2022-09-19,NSE,EQ,EQ,sell,false,3.000000,1315.000000,4333930,1000000028013316,2022-09-19T14:20:28
LXCHEM,INE576O01020,2022-09-20,BSE,EQ,A,buy,false,10.000000,367.899994,18184200,1663646324210406270,2022-09-20T09:36:08
BALKRISIND,INE787D01026,2022-09-20,NSE,EQ,EQ,buy,false,2.000000,1923.949951,1004817,1000000004929587,2022-09-20T09:47:39
CDSL,INE736A01011,2022-09-20,NSE,EQ,EQ,buy,false,5.000000,1349.500000,2066999,1000000010556853,2022-09-20T10:53:36
CDSL,INE736A01011,2022-09-20,NSE,EQ,EQ,buy,false,94.000000,1349.400024,2066998,1000000010556853,2022-09-20T10:53:36
IEX,INE022Q01020,2022-09-20,NSE,EQ,EQ,buy,false,10.000000,154.449997,27020986,1100000009843483,2022-09-20T11:21:59
MAPMYINDIA,INE0BV301023,2022-09-20,NSE,EQ,EQ,buy,false,10.000000,1385.849976,52460931,1200000014538152,2022-09-20T12:14:03
CDSL,INE736A01011,2022-09-20,NSE,EQ,EQ,sell,false,3.000000,1349.500000,3889603,1000000020872982,2022-09-20T13:45:01
CDSL,INE736A01011,2022-09-20,NSE,EQ,EQ,sell,false,1.000000,1349.349976,3889604,1000000020872982,2022-09-20T13:45:01
CDSL,INE736A01011,2022-09-20,NSE,EQ,EQ,sell,false,15.000000,1349.050049,3889606,1000000020872982,2022-09-20T13:45:01
CDSL,INE736A01011,2022-09-20,NSE,EQ,EQ,sell,false,5.000000,1349.800049,3889602,1000000020872982,2022-09-20T13:45:01
CDSL,INE736A01011,2022-09-20,NSE,EQ,EQ,sell,false,33.000000,1349.050049,3889608,1000000020872982,2022-09-20T13:45:01
CDSL,INE736A01011,2022-09-20,NSE,EQ,EQ,sell,false,35.000000,1349.050049,3889607,1000000020872982,2022-09-20T13:45:01
CDSL,INE736A01011,2022-09-20,NSE,EQ,EQ,sell,false,7.000000,1349.300049,3889605,1000000020872982,2022-09-20T13:45:01
CDSL,INE736A01011,2022-09-20,NSE,EQ,EQ,buy,false,1.000000,1352.000000,3999555,1000000021347740,2022-09-20T13:54:47
CDSL,INE736A01011,2022-09-20,NSE,EQ,EQ,buy,false,16.000000,1353.000000,4005054,1000000021347740,2022-09-20T13:55:15
CDSL,INE736A01011,2022-09-20,NSE,EQ,EQ,buy,false,50.000000,1353.000000,4005055,1000000021347740,2022-09-20T13:55:15
CDSL,INE736A01011,2022-09-20,NSE,EQ,EQ,buy,false,31.000000,1353.000000,4005056,1000000021347740,2022-09-20T13:55:15
CDSL,INE736A01011,2022-09-20,NSE,EQ,EQ,buy,false,1.000000,1352.949951,4005053,1000000021347740,2022-09-20T13:55:15
SAREGAMA,INE979A01025,2022-09-21,BSE,EQ,A,buy,false,8.000000,373.899994,34160500,1663735355375111649,2022-09-21T10:16:12
SAREGAMA,INE979A01025,2022-09-21,BSE,EQ,A,buy,false,2.000000,373.950012,34160700,1663735355375111649,2022-09-21T10:16:12
MTARTECH,INE864I01014,2022-09-21,BSE,EQ,A,buy,false,4.000000,1661.650024,37214500,1663735355375084977,2022-09-21T10:26:06
CDSL,INE736A01011,2022-09-21,NSE,EQ,EQ,buy,false,2.000000,1331.699951,1497925,1000000008011399,2022-09-21T10:29:48
ZENTEC,INE251B01027,2022-09-21,BSE,EQ,A,buy,false,10.000000,212.250000,38590200,1663735355375129554,2022-09-21T10:30:39
LXCHEM,INE576O01020,2022-09-21,NSE,EQ,EQ,buy,false,10.000000,365.000000,51321438,1200000008067819,2022-09-21T10:31:07
CDSL,INE736A01011,2022-09-22,NSE,EQ,EQ,buy,false,3.000000,1321.800049,1785149,1000000010524709,2022-09-22T10:55:08
BORORENEW,INE666D01022,2022-09-22,NSE,EQ,EQ,sell,false,20.000000,603.500000,2076218,1000000012383937,2022-09-22T11:22:54
LXCHEM,INE576O01020,2022-09-23,NSE,EQ,EQ,buy,false,10.000000,358.450012,50842156,1200000004669553,2022-09-23T09:50:11
TATAMOTORS,INE155A01022,2022-09-23,BSE,EQ,A,buy,false,5.000000,426.399994,3770200,1663903800128335414,2022-09-23T09:59:07
TEJASNET,INE010J01012,2022-09-23,NSE,EQ,EQ,buy,false,1.000000,633.849976,76205530,1300000005874574,2022-09-23T09:59:48
CDSL,INE736A01011,2022-09-26,NSE,EQ,EQ,buy,false,4.000000,1259.300049,2690503,1000000015928462,2022-09-26T11:37:45
CDSL,INE736A01011,2022-09-26,NSE,EQ,EQ,buy,false,1.000000,1259.300049,2690504,1000000015928462,2022-09-26T11:37:45
IEX,INE022Q01020,2022-09-26,BSE,EQ,A,buy,false,20.000000,142.199997,15416600,1664163000000835670,2022-09-26T11:38:16
MAPMYINDIA,INE0BV301023,2022-09-26,BSE,EQ,B,buy,false,5.000000,1315.500000,5440600,1664173815270100580,2022-09-26T12:58:45
TATAMOTORS,INE155A01022,2022-09-27,BSE,EQ,A,buy,false,10.000000,393.600006,3802600,1664249400016368564,2022-09-27T09:46:31
LXCHEM,INE576O01020,2022-09-27,BSE,EQ,A,buy,false,5.000000,336.049988,24201200,1664252145301065593,2022-09-27T09:46:53
HBLPOWER,INE292B01021,2022-09-27,NSE,EQ,EQ,buy,false,50.000000,89.800003,25915539,1100000004769222,2022-09-27T09:48:11
ZENTEC,INE251B01027,2022-09-27,NSE,EQ,EQ,buy,false,10.000000,196.500000,75977860,1300000004849143,2022-09-27T09:49:44
SAREGAMA,INE979A01025,2022-09-27,BSE,EQ,A,buy,false,15.000000,361.950012,40969000,1664254617301054657,2022-09-27T10:31:44
TATAPOWER,INE245A01021,2022-09-28,NSE,EQ,EQ,buy,false,8.000000,216.399994,75467379,1300000002479436,2022-09-28T09:28:51
TATASTEEL,INE081A01020,2022-09-29,BSE,EQ,A,buy,false,10.000000,97.500000,4476200,1664427486310004514,2022-09-29T10:30:11
SAREGAMA,INE979A01025,2022-10-06,NSE,EQ,EQ,buy,false,13.000000,368.049988,75450609,1300000002044900,2022-10-06T09:26:51
SAREGAMA,INE979A01025,2022-10-06,NSE,EQ,EQ,buy,false,1.000000,368.049988,75450608,1300000002044900,2022-10-06T09:26:51
SAREGAMA,INE979A01025,2022-10-06,NSE,EQ,EQ,buy,false,1.000000,368.049988,75450610,1300000002044900,2022-10-06T09:26:51
CDSL,INE736A01011,2022-10-06,NSE,EQ,EQ,buy,false,5.000000,1289.000000,1149002,1000000005825192,2022-10-06T10:08:59
LXCHEM,INE576O01020,2022-10-06,BSE,EQ,A,buy,false,15.000000,346.700012,31556900,1665030509285436349,2022-10-06T10:15:06
BALKRISIND,INE787D01026,2022-10-06,BSE,EQ,A,buy,false,3.000000,1930.000000,2148200,1665027000031287337,2022-10-06T10:15:31
TNPETRO,INE148A01019,2022-10-06,BSE,EQ,B,buy,false,25.000000,100.000000,14759900,1665029181980235376,2022-10-06T10:15:48
IEX,INE022Q01020,2022-10-06,BSE,EQ,A,buy,false,20.000000,145.850006,2922700,1665027000032278829,2022-10-06T10:18:41
BSE,INE118H01025,2022-10-06,NSE,EQ,EQ,buy,false,3.000000,620.700012,1424274,1000000007295359,2022-10-06T10:31:20
NAUKRI,INE663F01024,2022-10-07,NSE,EQ,EQ,buy,false,1.000000,3967.350098,50798613,1200000005220189,2022-10-07T09:56:20
BSE,INE118H01025,2022-10-07,NSE,EQ,EQ,buy,false,2.000000,612.450012,1001607,1000000006483785,2022-10-07T10:20:51
TATASTEEL,INE081A01020,2022-10-07,NSE,EQ,EQ,buy,false,10.000000,102.349998,77181159,1300000013716106,2022-10-07T11:33:32
PARADEEP,INE088F01024,2022-10-10,NSE,EQ,EQ,buy,false,75.000000,67.250000,50628302,1200000003546789,2022-10-10T09:41:42
LICI,INE0J1Y01017,2022-10-11,NSE,EQ,EQ,buy,false,1.000000,623.250000,51025594,1200000006004316,2022-10-11T10:21:21
LXCHEM,INE576O01020,2022-10-11,BSE,EQ,A,buy,false,5.000000,339.399994,36575800,1665462005691855897,2022-10-11T10:21:59
CDSL,INE736A01011,2022-10-11,NSE,EQ,EQ,buy,false,5.000000,1255.150024,1035947,1000000006013865,2022-10-11T10:22:33
DABUR,INE016A01026,2022-10-11,NSE,EQ,EQ,buy,false,1.000000,519.700012,27998785,1100000016340475,2022-10-11T13:02:50
DABUR,INE016A01026,2022-10-11,NSE,EQ,EQ,buy,false,3.000000,519.700012,27998786,1100000016340475,2022-10-11T13:02:50
BORORENEW,INE666D01022,2022-10-11,NSE,EQ,EQ,buy,false,1.000000,578.299988,2363155,1000000014668237,2022-10-11T13:04:12
HBLPOWER,INE292B01021,2022-10-11,BSE,EQ,B,sell,false,6.000000,114.050003,5353400,1665459000012688399,2022-10-11T13:07:02
HBLPOWER,INE292B01021,2022-10-11,BSE,EQ,B,sell,false,1.000000,114.099998,5353200,1665459000012688399,2022-10-11T13:07:02
TEJASNET,INE010J01012,2022-10-12,NSE,EQ,EQ,buy,false,1.000000,724.200012,75867423,1300000004723754,2022-10-12T10:02:11
HFCL,INE548A01028,2022-10-12,NSE,EQ,EQ,buy,false,4.000000,78.000000,26259750,1100000006662103,2022-10-12T10:26:25
HFCL,INE548A01028,2022-10-12,NSE,EQ,EQ,buy,false,46.000000,78.150002,26281144,1100000006792301,2022-10-12T10:28:40
ITI,INE248A01017,2022-10-12,NSE,EQ,EQ,buy,false,13.000000,105.000000,26334351,1100000007092388,2022-10-12T10:33:20
TRIDENT,INE064C01022,2022-10-12,NSE,EQ,EQ,buy,false,70.000000,36.400002,76995829,1300000011126480,2022-10-12T11:43:21
ZENTEC,INE251B01027,2022-10-12,BSE,EQ,A,buy,false,5.000000,197.649994,53709500,1665553977806833008,2022-10-12T11:55:21
IEX,INE022Q01020,2022-10-12,BSE,EQ,A,buy,false,10.000000,140.899994,9183100,1665545400008586183,2022-10-12T13:10:01
HINDALCO,INE038A01020,2022-10-13,NSE,EQ,EQ,buy,false,10.000000,407.750000,26940283,1100000010336813,2022-10-13T11:40:31
HFCL,INE548A01028,2022-10-13,NSE,EQ,EQ,buy,false,10.000000,76.300003,26950758,1100000010397065,2022-10-13T11:41:51
TNPETRO,INE148A01019,2022-10-13,BSE,EQ,B,buy,false,2.000000,97.849998,20030600,1665637065375918947,2022-10-13T11:45:32
LXCHEM,INE576O01020,2022-10-20,NSE,EQ,EQ,buy,false,5.000000,325.649994,50968577,1200000005636283,2022-10-20T10:18:31
LXCHEM,INE576O01020,2022-10-20,NSE,EQ,EQ,buy,false,10.000000,325.600006,50994596,1200000005789631,2022-10-20T10:20:59
DWARKESH,INE366A01041,2022-10-20,NSE,EQ,EQ,buy,false,20.000000,96.849998,26351278,1100000006826790,2022-10-20T10:21:41
CDSL,INE736A01011,2022-10-20,NSE,EQ,EQ,buy,false,1.000000,1228.550049,1164679,1000000006156015,2022-10-20T10:33:50
CDSL,INE736A01011,2022-10-20,NSE,EQ,EQ,buy,false,1.000000,1228.550049,1164680,1000000006156015,2022-10-20T10:33:50
BORORENEW,INE666D01022,2022-10-20,BSE,EQ,A,buy,false,1.000000,566.000000,29844400,1666240339880577498,2022-10-20T10:35:50
TRIDENT,INE064C01022,2022-10-20,BSE,EQ,A,buy,false,6.000000,34.799999,29953000,1666240339880618485,2022-10-20T10:36:29
IEX,INE022Q01020,2022-10-24,BSE,EQ,A,buy,false,10.000000,136.149994,1709600,1666614600006175172,2022-10-24T18:24:21
CDSL,INE736A01011,2022-10-24,NSE,EQ,EQ,buy,false,1.000000,1224.750000,332179,1000000000932665,2022-10-24T18:24:30
ZENTEC,INE251B01027,2022-10-24,BSE,EQ,A,buy,false,5.000000,208.500000,11724100,1666615726902852616,2022-10-24T18:25:13
ITC,INE154A01025,2022-10-24,NSE,EQ,EQ,buy,false,5.000000,349.250000,25524594,1100000001441447,2022-10-24T18:25:24
SAREGAMA,INE979A01025,2022-10-24,BSE,EQ,A,buy,false,10.000000,383.000000,12923900,1666616183277030609,2022-10-24T18:26:33
IRCTC,INE335Y01020,2022-10-24,NSE,EQ,EQ,buy,false,1.000000,744.599976,25608292,1100000001679805,2022-10-24T18:27:52
PARADEEP,INE088F01024,2022-10-27,BSE,EQ,B,buy,false,25.000000,62.400002,1638800,1666841400017233884,2022-10-27T11:44:04
NAUKRI,INE663F01024,2022-10-27,NSE,EQ,EQ,buy,false,1.000000,3869.000000,52289235,1200000012839261,2022-10-27T11:52:13
STARHEALTH,INE575P01011,2022-10-27,NSE,EQ,EQ,buy,false,3.000000,719.049988,77608574,1300000012503940,2022-10-27T12:00:51
LAURUSLABS,INE947Q01028,2022-10-27,NSE,EQ,EQ,buy,false,1.000000,456.899994,52476487,1200000014227713,2022-10-27T12:13:58
HFCL,INE548A01028,2022-10-31,NSE,EQ,EQ,buy,false,40.000000,78.400002,25672408,1100000003235940,2022-10-31T09:37:00
NAUKRI,INE663F01024,2022-10-31,BSE,EQ,A,buy,false,1.000000,3904.149902,411500,1667187000019160754,2022-10-31T09:37:34
SAREGAMA,INE979A01025,2022-10-31,BSE,EQ,A,buy,false,5.000000,374.350006,17178600,1667188437629696456,2022-10-31T09:38:23
HBLPOWER,INE292B01021,2022-11-01,NSE,EQ,EQ,buy,false,57.000000,106.400002,25790842,1100000003506632,2022-11-01T09:40:22
TIPSINDLTD,INE716B01011,2022-11-01,NSE,EQ,EQ,buy,false,1.000000,1769.550049,75926341,1300000004385046,2022-11-01T09:53:10
TIPSINDLTD,INE716B01011,2022-11-01,NSE,EQ,EQ,buy,false,1.000000,1769.599976,75926343,1300000004385046,2022-11-01T09:53:10
TIPSINDLTD,INE716B01011,2022-11-01,NSE,EQ,EQ,buy,false,1.000000,1769.550049,75926342,1300000004385046,2022-11-01T09:53:10
SAREGAMA,INE979A01025,2022-11-01,NSE,EQ,EQ,buy,false,5.000000,382.950012,75944357,1300000004482161,2022-11-01T09:54:32
IEX,INE022Q01020,2022-11-01,NSE,EQ,EQ,buy,false,15.000000,140.250000,26080911,1100000004829359,2022-11-01T09:57:00
CDSL,INE736A01011,2022-11-01,NSE,EQ,EQ,buy,false,2.000000,1230.500000,885207,1000000004553396,2022-11-01T09:57:18
PATANJALI,INE619A01035,2022-11-01,BSE,EQ,T,sell,false,1.000000,1391.000000,1397000,1667273400000130284,2022-11-01T09:58:50
DMART,INE192R01011,2022-11-01,BSE,EQ,A,sell,false,1.000000,4318.000000,23534900,1667276498626730189,2022-11-01T09:59:31
ITI,INE248A01017,2022-11-01,NSE,EQ,EQ,sell,false,13.000000,111.800003,26204892,1100000005394485,2022-11-01T10:05:15
LAURUSLABS,INE947Q01028,2022-11-01,BSE,EQ,A,buy,false,9.000000,460.850006,1416800,1667273400009458476,2022-11-01T10:05:58
ZENTEC,INE251B01027,2022-11-01,NSE,EQ,EQ,buy,false,10.000000,203.300003,76172612,1300000005587081,2022-11-01T10:11:02
ZENSARTECH,INE520A01027,2022-11-01,BSE,EQ,A,buy,false,5.000000,222.500000,704300,1667273400043326083,2022-11-01T10:11:13
TNPETRO,INE148A01019,2022-11-01,NSE,EQ,EQ,buy,false,3.000000,96.400002,76181098,1300000005634125,2022-11-01T10:11:44
BALRAMCHIN,INE119A01028,2022-11-02,NSE,EQ,EQ,buy,false,5.000000,332.049988,498577,1000000002594667,2022-11-02T09:32:22
TRIDENT,INE064C01022,2022-11-02,NSE,EQ,EQ,buy,false,4.000000,35.400002,76269180,1300000006647535,2022-11-02T10:18:10
DABUR,INE016A01026,2022-11-02,NSE,EQ,EQ,sell,false,4.000000,562.000000,27023453,1100000010779271,2022-11-02T11:27:53
BALRAMCHIN,INE119A01028,2022-11-03,BSE,EQ,A,buy,false,5.000000,337.750000,711900,1667446200025362076,2022-11-03T09:57:02
DWARKESH,INE366A01041,2022-11-03,BSE,EQ,A,buy,false,25.000000,91.250000,23949300,1667449278473214553,2022-11-03T09:57:14
ONGC,INE213A01029,2022-11-03,NSE,EQ,EQ,buy,false,20.000000,136.050003,51137623,1200000005442681,2022-11-03T10:06:44
PRAJIND,INE074A01025,2022-11-03,NSE,EQ,EQ,buy,false,1.000000,417.950012,51156090,1200000005519951,2022-11-03T10:07:42
IRCTC,INE335Y01020,2022-11-03,BSE,EQ,A,sell,false,1.000000,749.250000,45889300,1667453475191918609,2022-11-03T11:26:20
TRIDENT,INE064C01022,2022-11-07,BSE,EQ,A,buy,false,20.000000,35.950001,18867500,1667793794931754941,2022-11-07T09:41:06
TATAMOTORS,INE155A01022,2022-11-09,NSE,EQ,EQ,sell,false,40.000000,435.600006,76568488,1300000007132559,2022-11-09T10:22:43
TATAPOWER,INE245A01021,2022-11-10,BSE,EQ,A,sell,false,100.000000,230.100006,2943200,1668051000069873031,2022-11-10T11:29:41
NIFTYBEES,INF204KB14I2,2022-11-10,NSE,EQ,EQ,sell,false,10.000000,197.000000,52307400,1200000012752536,2022-11-10T11:37:32
NIFTYBEES,INF204KB14I2,2022-11-10,NSE,EQ,EQ,sell,false,13.000000,197.000000,52307398,1200000012752536,2022-11-10T11:37:32
NIFTYBEES,INF204KB14I2,2022-11-10,NSE,EQ,EQ,sell,false,44.000000,197.000000,52307399,1200000012752536,2022-11-10T11:37:32
NIFTYBEES,INF204KB14I2,2022-11-10,NSE,EQ,EQ,sell,false,93.000000,197.000000,52307401,1200000012752536,2022-11-10T11:37:32
HBLPOWER,INE292B01021,2022-11-10,BSE,EQ,B,sell,false,1.000000,104.599998,4362300,1668051000069796185,2022-11-10T13:25:42
HBLPOWER,INE292B01021,2022-11-10,BSE,EQ,B,sell,false,99.000000,104.650002,4362100,1668051000069796185,2022-11-10T13:25:42
TRIDENT,INE064C01022,2022-11-14,BSE,EQ,A,buy,false,70.000000,34.900002,46668600,1668401146177515533,2022-11-14T10:36:42
CDSL,INE736A01011,2022-11-14,NSE,EQ,EQ,buy,false,15.000000,1214.949951,1525055,1000000008006572,2022-11-14T10:37:16
BSE,INE118H01025,2022-11-14,NSE,EQ,EQ,buy,false,9.000000,578.049988,1691625,1000000008945842,2022-11-14T10:53:33
BSE,INE118H01025,2022-11-14,NSE,EQ,EQ,buy,false,1.000000,578.049988,1691624,1000000008945842,2022-11-14T10:53:33
NAUKRI,INE663F01024,2022-11-14,NSE,EQ,EQ,sell,false,1.000000,4376.750000,52550338,1200000014436836,2022-11-14T12:19:58
ITBEES,INF204KB15V2,2022-11-14,NSE,EQ,EQ,buy,false,200.000000,31.040001,54586549,1200000024599173,2022-11-14T15:24:36
ISEC,INE763G01038,2022-11-14,NSE,EQ,EQ,buy,false,10.000000,567.299988,30898604,1100000026647342,2022-11-14T15:29:02
STARHEALTH,INE575P01011,2022-11-21,BSE,EQ,B,buy,false,2.000000,612.400024,1749000,1669001400068571546,2022-11-21T10:37:52
TIPSINDLTD,INE716B01011,2022-11-22,BSE,EQ,B,sell,false,2.000000,1830.449951,1589600,1669087800001340856,2022-11-22T09:18:46
TIPSINDLTD,INE716B01011,2022-11-22,BSE,EQ,B,sell,false,1.000000,1830.500000,1589400,1669087800001340856,2022-11-22T09:18:46
PARADEEP,INE088F01024,2022-11-23,BSE,EQ,B,buy,false,20.000000,55.549999,305500,1669174200043058656,2022-11-23T09:28:48
SAREGAMA,INE979A01025,2022-11-23,BSE,EQ,A,buy,false,3.000000,374.899994,12779900,1669175617211811773,2022-11-23T09:30:03
SAREGAMA,INE979A01025,2022-11-23,BSE,EQ,A,buy,false,7.000000,374.950012,12780100,1669175617211811773,2022-11-23T09:30:03
HFCL,INE548A01028,2022-11-23,NSE,EQ,EQ,buy,false,50.000000,77.900002,25612184,1100000003258422,2022-11-23T09:41:01
MAPMYINDIA,INE0BV301023,2022-11-23,BSE,EQ,B,buy,false,3.000000,1184.900024,1034400,1669174200001185316,2022-11-23T09:41:54
RELAXO,INE131B01039,2022-11-24,NSE,EQ,EQ,buy,false,4.000000,904.000000,75643806,1300000003310577,2022-11-24T09:43:55
TNPETRO,INE148A01019,2022-11-24,BSE,EQ,B,buy,false,1.000000,90.349998,8123400,1669262809510185972,2022-11-24T09:45:46
TNPETRO,INE148A01019,2022-11-24,BSE,EQ,B,buy,false,9.000000,90.400002,8123600,1669262809510185972,2022-11-24T09:45:46
TATAPOWER,INE245A01021,2022-11-24,NSE,EQ,EQ,buy,false,5.000000,220.250000,75768224,1300000004010203,2022-11-24T09:52:44
DWARKESH,INE366A01041,2022-11-25,NSE,EQ,EQ,buy,false,25.000000,96.400002,26237998,1100000006227614,2022-11-25T10:19:38
HINDCOPPER,INE531E01026,2022-11-25,BSE,EQ,A,buy,false,19.000000,115.400002,2447600,1669347000270734174,2022-11-25T11:59:21
PRAJIND,INE074A01025,2022-11-25,BSE,EQ,A,buy,false,4.000000,389.600006,71270400,1669361050416793407,2022-11-25T13:20:00
PRAJIND,INE074A01025,2022-11-25,BSE,EQ,A,buy,false,8.000000,389.549988,71270200,1669361050416793407,2022-11-25T13:20:00
TEJASNET,INE010J01012,2022-11-25,NSE,EQ,EQ,buy,false,5.000000,626.700012,77864413,1300000013730221,2022-11-25T13:20:20
TATACONSUM,INE192A01025,2022-11-30,NSE,EQ,EQ,buy,false,5.000000,809.900024,77293530,1300000010292121,2022-11-30T12:07:46
KPITTECH,INE04I401011,2022-11-30,NSE,EQ,EQ,buy,false,1.000000,713.500000,54475627,1200000020148013,2022-11-30T15:20:06
SAREGAMA,INE979A01025,2022-12-01,NSE,EQ,EQ,buy,false,3.000000,382.100006,76814561,1300000008073943,2022-12-01T10:46:12
SAREGAMA,INE979A01025,2022-12-01,NSE,EQ,EQ,buy,false,7.000000,382.049988,76814560,1300000008073943,2022-12-01T10:46:12
STARHEALTH,INE575P01011,2022-12-01,BSE,EQ,B,buy,false,5.000000,639.950012,1803300,1669865400000246449,2022-12-01T10:55:44
PARAS,INE045601015,2022-12-01,NSE,EQ,EQ,buy,false,5.000000,616.500000,53070236,1200000014604814,2022-12-01T12:57:08
NAZARA,INE418L01021,2022-12-01,BSE,EQ,A,buy,false,5.000000,607.700012,57997700,1669879154319455803,2022-12-01T12:58:10
ZENTEC,INE251B01027,2022-12-01,NSE,EQ,EQ,buy,false,10.000000,195.399994,78235396,1300000014571411,2022-12-01T13:00:53
PRAJIND,INE074A01025,2022-12-01,NSE,EQ,EQ,buy,false,1.000000,388.750000,53560636,1200000016926138,2022-12-01T13:38:36
ONGC,INE213A01029,2022-12-02,NSE,EQ,EQ,sell,false,20.000000,142.600006,50650984,1200000003063739,2022-12-02T09:34:24
ZENSARTECH,INE520A01027,2022-12-02,NSE,EQ,EQ,sell,false,15.000000,236.350006,76948997,1300000008734963,2022-12-02T11:03:50
ZENSARTECH,INE520A01027,2022-12-02,NSE,EQ,EQ,sell,false,9.000000,236.350006,76948998,1300000008734963,2022-12-02T11:03:50
ZENSARTECH,INE520A01027,2022-12-02,NSE,EQ,EQ,sell,false,5.000000,236.350006,76948995,1300000008734963,2022-12-02T11:03:50
ZENSARTECH,INE520A01027,2022-12-02,NSE,EQ,EQ,sell,false,6.000000,236.350006,76948996,1300000008734963,2022-12-02T11:03:50
LXCHEM,INE576O01020,2022-12-02,NSE,EQ,EQ,buy,false,20.000000,304.250000,53322363,1200000016122357,2022-12-02T13:28:23
PARADEEP,INE088F01024,2022-12-02,BSE,EQ,B,buy,false,30.000000,58.299999,2037900,1669951800011672166,2022-12-02T13:32:30
IEX,INE022Q01020,2022-12-02,NSE,EQ,EQ,buy,false,15.000000,150.600006,28709313,1100000017063793,2022-12-02T14:10:31
DWARKESH,INE366A01041,2022-12-02,NSE,EQ,EQ,sell,false,100.000000,101.250000,28738836,1100000017201163,2022-12-02T14:13:17
BALRAMCHIN,INE119A01028,2022-12-02,NSE,EQ,EQ,sell,false,20.000000,388.649994,3240824,1000000015390011,2022-12-02T14:13:37
NAUKRI,INE663F01024,2022-12-02,BSE,EQ,A,sell,false,1.000000,4043.899902,2119000,1669966770260234347,2022-12-02T14:24:56
NAUKRI,INE663F01024,2022-12-02,BSE,EQ,A,sell,false,1.000000,4044.300049,2118800,1669966770260234347,2022-12-02T14:24:56
TRIDENT,INE064C01022,2022-12-02,BSE,EQ,A,buy,false,100.000000,37.549999,80515400,1669970624567556031,2022-12-02T14:27:35
TATAPOWER,INE245A01021,2022-12-02,NSE,EQ,EQ,buy,false,25.000000,225.850006,79268421,1300000018948540,2022-12-02T14:28:46
ITBEES,INF204KB15V2,2022-12-02,NSE,EQ,EQ,sell,false,200.000000,32.310001,53905019,1200000018912216,2022-12-02T14:29:42
BALRAMCHIN,INE119A01028,2022-12-02,NSE,EQ,EQ,buy,false,17.000000,388.700012,3429785,1000000016229060,2022-12-02T14:33:06
BALRAMCHIN,INE119A01028,2022-12-02,NSE,EQ,EQ,buy,false,3.000000,388.700012,3429786,1000000016229060,2022-12-02T14:33:06
PRAJIND,INE074A01025,2022-12-05,BSE,EQ,A,buy,false,5.000000,380.750000,13259400,1670212420479230777,2022-12-05T09:26:24
ASIANPAINT,INE021A01026,2022-12-05,NSE,EQ,EQ,buy,false,3.000000,3153.699951,1871650,1000000009541078,2022-12-05T12:04:51
ASIANPAINT,INE021A01026,2022-12-05,NSE,EQ,EQ,buy,false,1.000000,3153.699951,1872987,1000000009547282,2022-12-05T12:05:04
MTARTECH,INE864I01014,2022-12-06,BSE,EQ,A,sell,false,15.000000,1744.349976,17595700,1670298894474886548,2022-12-06T09:37:10
ITC,INE154A01025,2022-12-06,NSE,EQ,EQ,sell,false,103.000000,336.799988,26804515,1100000008662803,2022-12-06T11:12:21
ITC,INE154A01025,2022-12-06,NSE,EQ,EQ,sell,false,7.000000,336.799988,26804516,1100000008662803,2022-12-06T11:12:21
TATASTEEL,INE081A01020,2022-12-06,NSE,EQ,EQ,sell,false,47.000000,113.050003,77262208,1300000010152417,2022-12-06T11:33:22
TATASTEEL,INE081A01020,2022-12-06,NSE,EQ,EQ,sell,false,73.000000,113.000000,77262209,1300000010152417,2022-12-06T11:33:22
BALKRISIND,INE787D01026,2022-12-06,NSE,EQ,EQ,sell,false,1.000000,2047.750000,1782331,1000000008846495,2022-12-06T11:37:04
BALKRISIND,INE787D01026,2022-12-06,NSE,EQ,EQ,sell,false,9.000000,2047.699951,1782332,1000000008846495,2022-12-06T11:37:04
ASTRAL,INE006I01046,2022-12-07,NSE,EQ,EQ,buy,false,5.000000,2049.800049,180320,1000000000948806,2022-12-07T09:20:19
BERGEPAINT,INE463A01038,2022-12-07,BSE,EQ,A,buy,false,15.000000,624.750000,239100,1670383800020069222,2022-12-07T09:36:17
ASTRAL,INE006I01046,2022-12-07,NSE,EQ,EQ,buy,false,5.000000,2048.800049,631137,1000000003277530,2022-12-07T09:47:07
ASTRAL,INE006I01046,2022-12-07,NSE,EQ,EQ,sell,false,1.000000,2017.250000,1710958,1000000001332000,2022-12-07T11:27:49
ASTRAL,INE006I01046,2022-12-07,NSE,EQ,EQ,sell,false,8.000000,2017.250000,1710959,1000000001332000,2022-12-07T11:27:49
RELAXO,INE131B01039,2022-12-08,NSE,EQ,EQ,sell,false,1.000000,937.200012,77112474,1300000010937635,2022-12-08T11:52:44
RELAXO,INE131B01039,2022-12-08,NSE,EQ,EQ,sell,false,4.000000,937.099976,77112475,1300000010937635,2022-12-08T11:52:44
HFCL,INE548A01028,2022-12-08,BSE,EQ,A,sell,false,25.000000,83.099998,88916700,1670492748946289065,2022-12-08T15:20:10
HFCL,INE548A01028,2022-12-08,BSE,EQ,A,sell,false,115.000000,83.099998,88916300,1670492748946289065,2022-12-08T15:20:10
HFCL,INE548A01028,2022-12-08,BSE,EQ,A,sell,false,10.000000,83.099998,88916500,1670492748946289065,2022-12-08T15:20:10
ASIANPAINT,INE021A01026,2022-12-12,BSE,EQ,A,sell,false,5.000000,3173.050049,425300,1670815800097141100,2022-12-12T09:22:39
BALRAMCHIN,INE119A01028,2022-12-12,BSE,EQ,A,sell,false,20.000000,375.700012,231100,1670815800098075855,2022-12-12T09:22:58
PIDILITIND,INE318A01026,2022-12-12,BSE,EQ,A,sell,false,4.000000,2710.100098,703400,1670815800101141770,2022-12-12T09:23:09
TEJASNET,INE010J01012,2022-12-12,BSE,EQ,A,buy,false,2.000000,618.099976,21756000,1670817803591844293,2022-12-12T09:42:42
TEJASNET,INE010J01012,2022-12-12,BSE,EQ,A,buy,false,1.000000,618.049988,21755800,1670817803591844293,2022-12-12T09:42:42
TATAPOWER,INE245A01021,2022-12-12,BSE,EQ,A,buy,false,6.000000,218.350006,1788800,1670815800095420107,2022-12-12T10:06:08
CDSL,INE736A01011,2022-12-12,NSE,EQ,EQ,buy,false,5.000000,1209.199951,1017920,1000000005968430,2022-12-12T10:17:14
CDSL,INE736A01011,2022-12-12,NSE,EQ,EQ,buy,false,5.000000,1204.650024,1912509,1000000011347096,2022-12-12T12:09:22
TATAPOWER,INE245A01021,2022-12-13,BSE,EQ,A,buy,false,14.000000,218.300003,674800,1670902200010171287,2022-12-13T09:40:30
MAPMYINDIA,INE0BV301023,2022-12-13,NSE,EQ,EQ,buy,false,1.000000,1179.000000,50731380,1200000003541617,2022-12-13T09:43:10
MAPMYINDIA,INE0BV301023,2022-12-13,NSE,EQ,EQ,buy,false,1.000000,1179.000000,50731381,1200000003541617,2022-12-13T09:43:10
BSE,INE118H01025,2022-12-13,NSE,EQ,EQ,buy,false,5.000000,583.849976,3250755,1000000016158423,2022-12-13T14:30:29
HINDCOPPER,INE531E01026,2022-12-13,BSE,EQ,A,buy,false,31.000000,115.199997,6319400,1670911064447658667,2022-12-13T14:31:03
BEL,INE263A01024,2022-12-13,BSE,EQ,A,buy,false,50.000000,105.099998,3077500,1670917334263264858,2022-12-13T14:40:43
BSE,INE118H01025,2022-12-13,NSE,EQ,EQ,buy,false,10.000000,583.900024,3394678,1000000016737183,2022-12-13T14:42:16
ASTRAL,INE006I01046,2022-12-13,BSE,EQ,A,sell,false,1.000000,2105.399902,5472800,1670920664260136830,2022-12-13T14:53:38
SAREGAMA,INE979A01025,2022-12-15,BSE,EQ,A,buy,false,10.000000,357.649994,24987300,1671077876194012032,2022-12-15T10:00:02
HFCL,INE548A01028,2022-12-21,NSE,EQ,EQ,buy,false,3.000000,75.300003,29623229,1100000024636306,2022-12-21T14:19:21
CDSL,INE736A01011,2022-12-22,NSE,EQ,EQ,buy,false,10.000000,1141.699951,1239187,1000000007193252,2022-12-22T10:07:49
HFCL,INE548A01028,2022-12-22,BSE,EQ,A,buy,false,27.000000,73.650002,63185900,1671683859271027817,2022-12-22T10:08:44
SAREGAMA,INE979A01025,2022-12-22,NSE,EQ,EQ,buy,false,10.000000,368.000000,76749826,1300000007855803,2022-12-22T10:09:25
RELIANCE,INE002A01018,2022-12-22,NSE,EQ,EQ,buy,false,2.000000,2581.899902,76864337,1300000008389200,2022-12-22T10:15:10
BSE,INE118H01025,2022-12-22,NSE,EQ,EQ,buy,false,5.000000,553.549988,1338694,1000000007927265,2022-12-22T10:15:33
TEJASNET,INE010J01012,2022-12-22,NSE,EQ,EQ,buy,false,1.000000,580.150024,76884680,1300000008487762,2022-12-22T10:16:02
TEJASNET,INE010J01012,2022-12-22,NSE,EQ,EQ,buy,false,4.000000,580.150024,76884681,1300000008487762,2022-12-22T10:16:02
PRAJIND,INE074A01025,2022-12-22,BSE,EQ,A,buy,false,10.000000,357.399994,67663700,1671683859271945376,2022-12-22T10:16:18
LICI,INE0J1Y01017,2022-12-22,BSE,EQ,A,buy,false,4.000000,695.450012,3341300,1671683653143116964,2022-12-22T10:16:35
TATAMOTORS,INE155A01022,2022-12-22,NSE,EQ,EQ,buy,false,15.000000,395.049988,77018912,1300000009138368,2022-12-22T10:22:40
TATAPOWER,INE245A01021,2022-12-22,NSE,EQ,EQ,buy,false,25.000000,209.350006,77046496,1300000009241244,2022-12-22T10:23:41
NAZARA,INE418L01021,2022-12-22,NSE,EQ,EQ,buy,false,6.000000,554.950012,51853791,1200000009448437,2022-12-22T10:32:21
NAZARA,INE418L01021,2022-12-22,NSE,EQ,EQ,buy,false,4.000000,554.900024,51853790,1200000009448437,2022-12-22T10:32:21
CDSL,INE736A01011,2022-12-22,NSE,EQ,EQ,sell,false,2.000000,1129.000000,1694787,1000000010136338,2022-12-22T10:38:46
CDSL,INE736A01011,2022-12-22,NSE,EQ,EQ,sell,false,8.000000,1129.000000,1694786,1000000010136338,2022-12-22T10:38:46
PARADEEP,INE088F01024,2022-12-22,BSE,EQ,B,buy,false,50.000000,55.049999,2105100,1671679800000367741,2022-12-22T11:03:40
CDSL,INE736A01011,2022-12-22,NSE,EQ,EQ,buy,false,1.000000,1131.099976,2332271,1000000014434509,2022-12-22T11:28:18
IEX,INE022Q01020,2022-12-22,NSE,EQ,EQ,buy,false,15.000000,138.000000,28359665,1100000018560942,2022-12-22T12:09:48
CDSL,INE736A01011,2022-12-22,NSE,EQ,EQ,buy,false,9.000000,1126.000000,3785784,1000000026462373,2022-12-22T14:17:28
LXCHEM,INE576O01020,2022-12-26,BSE,EQ,A,buy,false,10.000000,285.549988,60807200,1672029603141679946,2022-12-26T10:22:20
MAPMYINDIA,INE0BV301023,2022-12-26,NSE,EQ,EQ,buy,false,2.000000,1095.849976,51560627,1200000008040032,2022-12-26T10:22:34
MAPMYINDIA,INE0BV301023,2022-12-26,NSE,EQ,EQ,buy,false,3.000000,1095.550049,51560626,1200000008040032,2022-12-26T10:22:34
PARADEEP,INE088F01024,2022-12-26,BSE,EQ,B,buy,false,50.000000,55.450001,1225400,1672025400073197761,2022-12-26T10:22:45
HFCL,INE548A01028,2022-12-26,BSE,EQ,A,buy,false,70.000000,69.500000,61094700,1672030327345075693,2022-12-26T10:23:05
TATAPOWER,INE245A01021,2022-12-26,BSE,EQ,A,buy,false,25.000000,202.000000,5106200,1672025400075725747,2022-12-26T10:46:41
KPITTECH,INE04I401011,2022-12-26,NSE,EQ,EQ,buy,false,9.000000,677.549988,51835695,1200000009756401,2022-12-26T10:47:17
BEL,INE263A01024,2022-12-26,NSE,EQ,EQ,buy,false,25.000000,99.400002,2203714,1000000013108089,2022-12-26T11:59:35
ZENTEC,INE251B01027,2022-12-26,BSE,EQ,B,buy,false,3.000000,188.449997,34842800,1672035118260511521,2022-12-26T12:11:20
ZENTEC,INE251B01027,2022-12-26,BSE,EQ,B,buy,false,17.000000,188.350006,34842600,1672035118260511521,2022-12-26T12:11:20
ITC,INE154A01025,2022-12-27,NSE,EQ,EQ,buy,false,20.000000,335.850006,25169279,1100000000823829,2022-12-27T09:17:56
VIJAYA,INE043W01024,2022-12-27,NSE,EQ,EQ,buy,false,5.000000,432.500000,76363051,1300000006691821,2022-12-27T10:05:27
CDSL,INE736A01011,2022-12-28,NSE,EQ,EQ,buy,false,1.000000,1118.650024,305089,1000000002059915,2022-12-28T09:28:59
IEX,INE022Q01020,2022-12-28,BSE,EQ,A,buy,false,5.000000,139.100006,2666600,1672204207861086773,2022-12-28T10:51:09
SAREGAMA,INE979A01025,2022-12-29,BSE,EQ,A,sell,false,18.000000,385.000000,86212900,1672285925490842989,2022-12-29T15:01:50
SAREGAMA,INE979A01025,2022-12-29,BSE,EQ,A,sell,false,17.000000,385.000000,86211500,1672285925490842989,2022-12-29T15:01:50
SAREGAMA,INE979A01025,2022-12-29,BSE,EQ,A,sell,false,18.000000,385.899994,86211200,1672285925490842989,2022-12-29T15:01:50
SAREGAMA,INE979A01025,2022-12-29,BSE,EQ,A,sell,false,1.000000,385.000000,86211700,1672285925490842989,2022-12-29T15:01:50
SAREGAMA,INE979A01025,2022-12-29,BSE,EQ,A,sell,false,19.000000,385.000000,86211900,1672285925490842989,2022-12-29T15:01:50
SAREGAMA,INE979A01025,2022-12-29,BSE,EQ,A,sell,false,11.000000,385.000000,86212100,1672285925490842989,2022-12-29T15:01:50
SAREGAMA,INE979A01025,2022-12-29,BSE,EQ,A,sell,false,20.000000,385.000000,86212300,1672285925490842989,2022-12-29T15:01:50
SAREGAMA,INE979A01025,2022-12-29,BSE,EQ,A,sell,false,21.000000,385.000000,86212500,1672285925490842989,2022-12-29T15:01:50
SAREGAMA,INE979A01025,2022-12-29,BSE,EQ,A,sell,false,21.000000,385.000000,86212700,1672285925490842989,2022-12-29T15:01:50
SAREGAMA,INE979A01025,2022-12-29,BSE,EQ,A,sell,false,26.000000,385.850006,86211400,1672285925490842989,2022-12-29T15:01:50
SAREGAMA,INE979A01025,2022-12-29,BSE,EQ,A,sell,false,18.000000,385.000000,86213100,1672285925490842989,2022-12-29T15:01:50
IEX,INE022Q01020,2023-01-02,BSE,EQ,A,buy,false,20.000000,142.199997,1556300,1672630200016448975,2023-01-02T09:47:05
ITC,INE154A01025,2023-01-02,BSE,EQ,A,buy,false,20.000000,332.799988,3189800,1672630200012870756,2023-01-02T12:04:49
ASTRAL,INE006I01046,2023-01-02,NSE,EQ,EQ,buy,false,1.000000,1969.400024,2050252,1000000013235777,2023-01-02T13:12:55
ASTRAL,INE006I01046,2023-01-02,NSE,EQ,EQ,buy,false,4.000000,1969.400024,2050253,1000000013235777,2023-01-02T13:12:55
KPITTECH,INE04I401011,2023-01-02,BSE,EQ,A,buy,false,5.000000,698.400024,60114800,1672644653230423562,2023-01-02T13:13:13
PARAS,INE045601015,2023-01-02,BSE,EQ,A,buy,false,5.000000,598.349976,60174700,1672644653230192052,2023-01-02T13:13:38
TATASTEEL,INE081A01020,2023-01-03,NSE,EQ,EQ,buy,false,100.000000,118.800003,75752201,1300000003568290,2023-01-03T09:43:18
SAIL,INE114A01011,2023-01-03,NSE,EQ,EQ,buy,false,50.000000,88.150002,75794212,1300000003768992,2023-01-03T09:45:45
PRAJIND,INE074A01025,2023-01-03,BSE,EQ,A,buy,false,10.000000,365.950012,17642400,1672718880140546795,2023-01-03T09:46:33
TATACONSUM,INE192A01025,2023-01-03,BSE,EQ,A,buy,false,15.000000,763.950012,760800,1672716600012278935,2023-01-03T09:47:03
LICI,INE0J1Y01017,2023-01-04,BSE,EQ,A,buy,false,5.000000,745.200012,1702500,1672803000006389009,2023-01-04T09:34:33
HBLPOWER,INE292B01021,2023-01-05,BSE,EQ,A,buy,false,10.000000,104.300003,45302800,1672898323225785207,2023-01-05T11:47:20
HINDCOPPER,INE531E01026,2023-01-12,NSE,EQ,EQ,sell,false,100.000000,125.599998,26277626,1100000008090258,2023-01-12T10:37:00
TATAMOTORS,INE155A01022,2023-01-13,NSE,EQ,EQ,sell,false,8.000000,408.450012,76091296,1300000006410484,2023-01-13T10:16:37
TATAMOTORS,INE155A01022,2023-01-13,NSE,EQ,EQ,sell,false,7.000000,408.450012,76091295,1300000006410484,2023-01-13T10:16:37
BEL,INE263A01024,2023-02-01,BSE,EQ,A,buy,false,25.000000,96.300003,1578600,1675222200019256379,2023-02-01T09:32:42
ITC,INE154A01025,2023-02-02,BSE,EQ,A,sell,false,5.000000,375.600006,3422900,1675308600088641964,2023-02-02T10:08:31
PRAJIND,INE074A01025,2023-02-02,NSE,EQ,EQ,buy,false,10.000000,355.399994,52204211,1200000012785561,2023-02-02T11:15:27
ADANIPORTS,INE742F01042,2023-02-08,BSE,EQ,A,buy,false,1.000000,586.150024,7942100,1675832515068364581,2023-02-08T10:56:15
ADANIPORTS,INE742F01042,2023-02-08,BSE,EQ,A,buy,false,9.000000,586.650024,7942300,1675832515068364581,2023-02-08T10:56:15
SAREGAMA,INE979A01025,2023-02-08,BSE,EQ,A,buy,false,9.000000,351.450012,63808600,1675834639308533843,2023-02-08T11:31:28
SAREGAMA,INE979A01025,2023-02-08,BSE,EQ,A,buy,false,1.000000,351.399994,63808400,1675834639308533843,2023-02-08T11:31:28
LICI,INE0J1Y01017,2023-02-10,BSE,EQ,A,buy,false,5.000000,623.200012,5015800,1676008776006320126,2023-02-10T12:01:39
SEPC,INE964H01014,2023-02-10,NSE,EQ,EQ,buy,false,100.000000,14.350000,78067953,1300000016789206,2023-02-10T13:37:08
ZENTEC,INE251B01027,2023-02-21,NSE,EQ,EQ,sell,false,2.000000,253.399994,75348483,1300000001953251,2023-02-21T09:28:39
ZENTEC,INE251B01027,2023-02-21,NSE,EQ,EQ,sell,false,14.000000,253.399994,75348484,1300000001953251,2023-02-21T09:28:39
ZENTEC,INE251B01027,2023-02-21,NSE,EQ,EQ,sell,false,4.000000,253.449997,75348482,1300000001953251,2023-02-21T09:28:39
KPITTECH,INE04I401011,2023-02-21,NSE,EQ,EQ,sell,false,3.000000,839.900024,50345777,1200000002088462,2023-02-21T09:29:24
ZENTEC,INE251B01027,2023-02-22,BSE,EQ,B,sell,false,52.000000,245.000000,28984300,1677049050962072340,2023-02-22T12:33:13
ZENTEC,INE251B01027,2023-02-22,BSE,EQ,B,sell,false,8.000000,245.050003,28983900,1677049050962072340,2023-02-22T12:33:13
KPITTECH,INE04I401011,2023-02-22,BSE,EQ,A,sell,false,12.000000,820.500000,74745600,1677048158381896651,2023-02-22T12:33:28
ADANIPORTS,INE742F01042,2023-03-01,BSE,EQ,A,sell,false,9.000000,607.799988,4373100,1677645726854247751,2023-03-01T10:36:10
ADANIPORTS,INE742F01042,2023-03-01,BSE,EQ,A,sell,false,1.000000,607.849976,4372900,1677645726854247751,2023-03-01T10:36:10
ITC,INE154A01025,2023-03-01,BSE,EQ,A,sell,false,10.000000,379.000000,2959500,1677641400051575195,2023-03-01T10:36:58
TEJASNET,INE010J01012,2023-03-02,NSE,EQ,EQ,buy,false,4.000000,565.000000,77002731,1300000009946791,2023-03-02T11:54:18
TEJASNET,INE010J01012,2023-03-02,NSE,EQ,EQ,buy,false,1.000000,564.799988,77002730,1300000009946791,2023-03-02T11:54:18
BEL,INE263A01024,2023-03-17,NSE,EQ,EQ,buy,false,50.000000,94.150002,657578,1000000003731225,2023-03-17T09:44:00
LXCHEM,INE576O01020,2023-03-17,NSE,EQ,EQ,buy,false,7.000000,242.850006,51099815,1200000006749218,2023-03-17T10:18:11
LXCHEM,INE576O01020,2023-03-17,NSE,EQ,EQ,buy,false,23.000000,242.899994,51099816,1200000006749218,2023-03-17T10:18:11
SAREGAMA,INE979A01025,2023-03-17,BSE,EQ,A,buy,false,2.000000,321.350006,78607700,1679036955895161698,2023-03-17T14:35:47
SAREGAMA,INE979A01025,2023-03-17,BSE,EQ,A,buy,false,16.000000,321.750000,78608100,1679036955895161698,2023-03-17T14:35:47
SAREGAMA,INE979A01025,2023-03-17,BSE,EQ,A,buy,false,2.000000,321.700012,78607900,1679036955895161698,2023-03-17T14:35:47
CDSL,INE736A01011,2023-03-17,NSE,EQ,EQ,buy,false,4.000000,952.549988,3165970,1000000021783856,2023-03-17T14:36:20
HBLPOWER,INE292B01021,2023-03-17,NSE,EQ,EQ,buy,false,40.000000,99.849998,29444342,1100000027298047,2023-03-17T15:12:38
RELIANCE,INE002A01018,2023-03-22,BSE,EQ,A,buy,false,1.000000,2281.000000,3668000,1679463012265420848,2023-03-22T12:13:31
HFCL,INE548A01028,2023-03-22,NSE,EQ,EQ,buy,false,25.000000,62.450001,26951920,1100000013581487,2023-03-22T12:13:48
BORORENEW,INE666D01022,2023-03-29,NSE,EQ,EQ,buy,false,2.000000,399.450012,1680914,1000000008923696,2023-03-29T10:53:33
BORORENEW,INE666D01022,2023-03-29,NSE,EQ,EQ,buy,false,6.000000,399.450012,1680915,1000000008923696,2023-03-29T10:53:33
TRIDENT,INE064C01022,2023-03-29,NSE,EQ,EQ,buy,false,100.000000,26.150000,76505439,1300000008051235,2023-03-29T10:53:47
HFCL,INE548A01028,2023-03-29,BSE,EQ,A,buy,false,50.000000,57.439999,45499700,1680066449814863807,2023-03-29T10:54:18
VIJAYA,INE043W01024,2023-03-31,NSE,EQ,EQ,buy,false,1.000000,393.850006,77114646,1300000010800489,2023-03-31T11:24:51
SEPC,INE964H01014,2023-03-31,BSE,EQ,B,buy,false,2.000000,11.520000,1263700,1680233400008435679,2023-03-31T11:25:16
SEPC,INE964H01014,2023-03-31,BSE,EQ,B,buy,false,8.000000,11.540000,1263900,1680233400008435679,2023-03-31T11:25:16
