symbol,isin,trade_date,exchange,segment,series,trade_type,auction,quantity,price,trade_id,order_id,order_execution_time
TEXRAIL,INE621L01012,4/1/2024,BSE,EQ,A,buy,FALSE,10,168.699997,76163300,1.71195E+18,2024-04-01T12:38:43
MOTHERSON,INE775A01035,4/1/2024,NSE,EQ,EQ,sell,FALSE,1,120.199997,46536743,1.2E+15,2024-04-01T14:33:54
MOTHERSON,INE775A01035,4/1/2024,NSE,EQ,EQ,sell,FALSE,54,120.199997,46536744,1.2E+15,2024-04-01T14:33:54
MISHTAN-RE,INE094S20017,4/2/2024,BSE,EQ,R,buy,FALSE,12,4.98,541200,1.71203E+18,2024-04-02T09:34:48
ZOMATO,INE758T01015,4/2/2024,BSE,EQ,A,sell,FALSE,20,181.550003,52322600,1.71203E+18,2024-04-02T10:44:51
ZOMATO,INE758T01015,4/2/2024,BSE,EQ,A,sell,FALSE,10,181.600006,52322400,1.71203E+18,2024-04-02T10:44:51
YESBANK,INE528G01035,4/3/2024,NSE,EQ,EQ,buy,FALSE,100,24.6,60026106,1.3E+15,2024-04-03T09:07:12
SJVN,INE002L01015,4/3/2024,NSE,EQ,EQ,buy,FALSE,50,132,60041262,1.3E+15,2024-04-03T09:07:12
SOUTHBANK,INE683A01023,4/3/2024,NSE,EQ,EQ,buy,FALSE,100,28.200001,60017513,1.3E+15,2024-04-03T09:07:12
KABRAEXTRU,INE900B01029,4/3/2024,NSE,EQ,EQ,sell,FALSE,1,325.049988,40588636,1.2E+15,2024-04-03T09:22:42
KABRAEXTRU,INE900B01029,4/3/2024,NSE,EQ,EQ,sell,FALSE,1,325.100006,40588630,1.2E+15,2024-04-03T09:22:42
KABRAEXTRU,INE900B01029,4/3/2024,NSE,EQ,EQ,sell,FALSE,1,325.049988,40588635,1.2E+15,2024-04-03T09:22:42
KABRAEXTRU,INE900B01029,4/3/2024,NSE,EQ,EQ,sell,FALSE,1,325.100006,40588628,1.2E+15,2024-04-03T09:22:42
KABRAEXTRU,INE900B01029,4/3/2024,NSE,EQ,EQ,sell,FALSE,2,325.100006,40588632,1.2E+15,2024-04-03T09:22:42
KABRAEXTRU,INE900B01029,4/3/2024,NSE,EQ,EQ,sell,FALSE,1,325.049988,40588634,1.2E+15,2024-04-03T09:22:42
KABRAEXTRU,INE900B01029,4/3/2024,NSE,EQ,EQ,sell,FALSE,10,325.100006,40588631,1.2E+15,2024-04-03T09:22:42
KABRAEXTRU,INE900B01029,4/3/2024,NSE,EQ,EQ,sell,FALSE,2,325.049988,40588633,1.2E+15,2024-04-03T09:22:42
KABRAEXTRU,INE900B01029,4/3/2024,NSE,EQ,EQ,sell,FALSE,1,325.100006,40588629,1.2E+15,2024-04-03T09:22:42
KABRAEXTRU,INE900B01029,4/3/2024,NSE,EQ,EQ,buy,FALSE,11,327.700012,41364236,1.2E+15,2024-04-03T09:41:51
KABRAEXTRU,INE900B01029,4/3/2024,NSE,EQ,EQ,buy,FALSE,9,327.700012,41364237,1.2E+15,2024-04-03T09:41:51
SUZLON,INE040H01021,4/3/2024,BSE,EQ,T,sell,FALSE,220,42.349998,6997800,1.71212E+18,2024-04-03T10:13:46
IRCON,INE962Y01021,4/3/2024,BSE,EQ,A,buy,FALSE,20,233,70931400,1.71213E+18,2024-04-03T11:58:25
IRFC,INE053F01010,4/3/2024,NSE,EQ,EQ,buy,FALSE,40,145.600006,24661322,1.1E+15,2024-04-03T11:59:18
NHPC,INE848E01016,4/3/2024,BSE,EQ,A,buy,FALSE,10,92.949997,4009600,1.71212E+18,2024-04-03T12:01:25
HBLPOWER,INE292B01021,4/3/2024,NSE,EQ,EQ,buy,FALSE,15,488.600006,27080548,1.1E+15,2024-04-03T14:18:21
IDFCFIRSTB,INE092T01019,4/4/2024,BSE,EQ,A,sell,FALSE,70,78.970001,1552100,1.7122E+18,2024-04-04T09:30:58
SAREGAMA,INE979A01025,4/4/2024,BSE,EQ,A,sell,FALSE,14,388.649994,21793600,1.7122E+18,2024-04-04T09:33:51
SAREGAMA,INE979A01025,4/4/2024,BSE,EQ,A,sell,FALSE,39,388.850006,21793000,1.7122E+18,2024-04-04T09:33:51
SAREGAMA,INE979A01025,4/4/2024,BSE,EQ,A,sell,FALSE,2,388.700012,21793300,1.7122E+18,2024-04-04T09:33:51
SAREGAMA,INE979A01025,4/4/2024,BSE,EQ,A,sell,FALSE,33,389,21792600,1.7122E+18,2024-04-04T09:33:51
SAREGAMA,INE979A01025,4/4/2024,BSE,EQ,A,sell,FALSE,8,388.549988,21793800,1.7122E+18,2024-04-04T09:33:51
SAREGAMA,INE979A01025,4/4/2024,BSE,EQ,A,sell,FALSE,4,388.899994,21792800,1.7122E+18,2024-04-04T09:33:51
UCOBANK,INE691A01018,4/5/2024,NSE,EQ,EQ,buy,FALSE,20,56.75,60855365,1.3E+15,2024-04-05T09:29:32
MSUMI,INE0FS801015,4/5/2024,BSE,EQ,A,sell,FALSE,110,70.629997,64034400,1.7123E+18,2024-04-05T11:25:42
CUBEXTUB,INE144D01012,4/5/2024,NSE,EQ,BE,buy,FALSE,10,102.300003,3122471,1E+15,2024-04-05T11:51:16
WANBURY,INE107F01022,4/5/2024,BSE,EQ,T,buy,FALSE,5,167.949997,15645800,1.71229E+18,2024-04-05T12:47:47
RKEC,INE786W01010,4/5/2024,NSE,EQ,EQ,buy,FALSE,50,105.800003,64883678,1.3E+15,2024-04-05T13:02:57
GEPIL,INE878A01011,4/5/2024,NSE,EQ,EQ,buy,FALSE,13,344.75,26054531,1.1E+15,2024-04-05T13:03:23
GEPIL,INE878A01011,4/5/2024,NSE,EQ,EQ,buy,FALSE,2,344.75,26054532,1.1E+15,2024-04-05T13:03:23
HDFCBANK,INE040A01034,4/9/2024,NSE,EQ,EQ,buy,FALSE,3,1546.849976,20743227,1.1E+15,2024-04-09T09:26:36
PRAJIND,INE074A01025,4/9/2024,NSE,EQ,EQ,sell,FALSE,30,524.700012,43669461,1.2E+15,2024-04-09T11:54:12
SOUTHBANK,INE683A01023,4/9/2024,BSE,EQ,A,sell,FALSE,100,28.75,8412800,1.71265E+18,2024-04-09T13:50:29
CDSL,INE736A01011,4/9/2024,NSE,EQ,EQ,sell,FALSE,1,1862.699951,3873377,1E+15,2024-04-09T13:51:35
CDSL,INE736A01011,4/9/2024,NSE,EQ,EQ,sell,FALSE,1,1862.599976,3873379,1E+15,2024-04-09T13:51:35
CDSL,INE736A01011,4/9/2024,NSE,EQ,EQ,sell,FALSE,33,1862.599976,3873378,1E+15,2024-04-09T13:51:35
DCMSRIND,INE843D01027,4/9/2024,NSE,EQ,EQ,sell,FALSE,8,195.949997,26359768,1.1E+15,2024-04-09T13:53:20
KABRAEXTRU,INE900B01029,4/9/2024,BSE,EQ,B,sell,FALSE,2,338.350006,1151300,1.71263E+18,2024-04-09T14:06:20
IRFC,INE053F01010,4/15/2024,BSE,EQ,A,buy,FALSE,20,141.100006,114080400,1.71316E+18,2024-04-15T11:08:38
CAMS,INE596I01012,4/15/2024,NSE,EQ,EQ,buy,FALSE,1,3043,3729592,1E+15,2024-04-15T11:13:42
HBLPOWER,INE292B01021,4/15/2024,BSE,EQ,A,buy,FALSE,5,455.899994,116355300,1.71316E+18,2024-04-15T11:15:16
MINDTECK,INE110B01017,4/18/2024,NSE,EQ,EQ,buy,FALSE,15,296.25,42695649,1.2E+15,2024-04-18T10:21:19
MINDTECK,INE110B01017,4/18/2024,NSE,EQ,EQ,buy,FALSE,15,296.350006,42695650,1.2E+15,2024-04-18T10:21:19
PARAS,INE045601015,4/18/2024,NSE,EQ,EQ,buy,FALSE,15,694.799988,43699486,1.2E+15,2024-04-18T11:04:16
CDSL,INE736A01011,4/19/2024,NSE,EQ,EQ,buy,FALSE,7,1957.199951,235236,1E+15,2024-04-19T09:17:07
CDSL,INE736A01011,4/19/2024,NSE,EQ,EQ,buy,FALSE,3,1957.449951,235237,1E+15,2024-04-19T09:17:07
CDSL,INE736A01011,4/19/2024,NSE,EQ,EQ,sell,FALSE,10,1940,1767579,1E+15,2024-04-19T09:57:58
HINDCOPPER,INE531E01026,4/22/2024,NSE,EQ,EQ,sell,FALSE,40,381,23076312,1.1E+15,2024-04-22T10:45:23
KABRAEXTRU,INE900B01029,4/22/2024,BSE,EQ,B,sell,FALSE,18,365.049988,870600,1.71376E+18,2024-04-22T10:45:32
DCMSRIND,INE843D01027,4/22/2024,BSE,EQ,B,sell,FALSE,6,190.649994,1178300,1.71376E+18,2024-04-22T10:46:17
DCMSRIND,INE843D01027,4/22/2024,BSE,EQ,B,sell,FALSE,44,190.75,1178100,1.71376E+18,2024-04-22T10:46:17
DCMSRIND,INE843D01027,4/22/2024,BSE,EQ,B,sell,FALSE,2,190.850006,1177900,1.71376E+18,2024-04-22T10:46:17
TEJASNET,INE010J01012,4/23/2024,NSE,EQ,EQ,sell,FALSE,6,1044.949951,61134031,1.3E+15,2024-04-23T09:34:41
RPOWER,INE614G01033,4/23/2024,NSE,EQ,EQ,buy,FALSE,130,27.9,63913121,1.3E+15,2024-04-23T11:30:33
RVNL,INE415G01027,4/23/2024,NSE,EQ,EQ,buy,FALSE,50,272.600006,65168272,1.3E+15,2024-04-23T12:44:43
BIRLAPREC,INE372E01025,4/24/2024,BSE,EQ,X,sell,FALSE,80,68.760002,2229700,1.71393E+18,2024-04-24T09:30:51
GEPIL,INE878A01011,4/24/2024,NSE,EQ,EQ,sell,FALSE,15,358.049988,21035733,1.1E+15,2024-04-24T09:30:58
DCXINDIA,INE0KL801015,4/24/2024,NSE,EQ,EQ,sell,FALSE,40,327.5,21049734,1.1E+15,2024-04-24T09:31:16
IRCON,INE962Y01021,4/24/2024,NSE,EQ,EQ,buy,FALSE,10,229.399994,21935934,1.1E+15,2024-04-24T09:55:49
WANBURY,INE107F01022,4/24/2024,BSE,EQ,B,buy,FALSE,25,162.100006,54460600,1.71394E+18,2024-04-24T12:08:30
IRFC,INE053F01010,4/25/2024,NSE,EQ,EQ,buy,FALSE,50,150.5,28620797,1.1E+15,2024-04-25T14:27:26
RPOWER,INE614G01033,4/26/2024,BSE,EQ,A,buy,FALSE,70,27.58,43210500,1.7141E+18,2024-04-26T10:27:36
VEDAVAAG,INE359B01010,4/26/2024,BSE,EQ,X,buy,FALSE,50,53.299999,4208500,1.7141E+18,2024-04-26T10:28:29
PARAS,INE045601015,4/26/2024,BSE,EQ,A,sell,FALSE,15,746.349976,97218700,1.71412E+18,2024-04-26T12:47:30
MISHTANN,INE094S01041,4/26/2024,BSE,EQ,B,buy,FALSE,55,18.700001,17206000,1.7141E+18,2024-04-26T12:49:41
MTNL,INE153A01019,4/26/2024,BSE,EQ,B,buy,FALSE,100,37.919998,49680600,1.71412E+18,2024-04-26T12:49:54
MANGIND,INE717C01025,4/26/2024,BSE,EQ,X,buy,FALSE,150,4.73,14338200,1.7141E+18,2024-04-26T14:20:07
LALPATHLAB,INE600L01024,4/29/2024,NSE,EQ,EQ,buy,FALSE,1,2388.350098,40150228,1.2E+15,2024-04-29T09:16:01
VIJAYA,INE043W01024,4/29/2024,NSE,EQ,EQ,buy,FALSE,10,709.450012,60650329,1.3E+15,2024-04-29T09:22:05
JAGRAN,INE199G01027,4/29/2024,BSE,EQ,B,buy,FALSE,20,106.550003,619900,1.71436E+18,2024-04-29T09:32:10
INTLCONV,INE575C01027,4/29/2024,NSE,EQ,EQ,buy,FALSE,30,89.199997,21445597,1.1E+15,2024-04-29T09:32:38
IDFCFIRSTB,INE092T01019,4/29/2024,BSE,EQ,A,buy,FALSE,10,80.900002,3497500,1.71436E+18,2024-04-29T09:33:30
MTARTECH,INE864I01014,4/29/2024,NSE,EQ,EQ,buy,FALSE,4,1885.099976,41154727,1.2E+15,2024-04-29T09:36:19
VIJAYA,INE043W01024,4/29/2024,NSE,EQ,EQ,buy,FALSE,10,701,61567346,1.3E+15,2024-04-29T09:43:11
IREDA,INE202E01016,4/29/2024,BSE,EQ,B,buy,FALSE,25,185.899994,12174500,1.71436E+18,2024-04-29T09:44:56
YESBANK,INE528G01035,4/29/2024,BSE,EQ,A,buy,FALSE,100,27.68,8030700,1.71436E+18,2024-04-29T09:57:12
CDSL,INE736A01011,4/29/2024,NSE,EQ,EQ,buy,FALSE,5,2096,2464775,1E+15,2024-04-29T10:34:26
BSE,INE118H01025,4/29/2024,NSE,EQ,EQ,buy,FALSE,1,2790,2485269,1E+15,2024-04-29T10:35:26
DREAMFOLKS,INE0JS101016,4/29/2024,NSE,EQ,EQ,buy,FALSE,2,546.950012,23658898,1.1E+15,2024-04-29T10:43:36
GMRINFRA,INE776C01039,4/29/2024,BSE,EQ,A,buy,FALSE,50,89.18,5250100,1.71437E+18,2024-04-29T10:45:28
VIJAYA,INE043W01024,4/29/2024,NSE,EQ,EQ,sell,FALSE,20,716.900024,68512899,1.3E+15,2024-04-29T15:20:55
LALPATHLAB,INE600L01024,4/29/2024,NSE,EQ,EQ,sell,FALSE,1,2345.600098,48100548,1.2E+15,2024-04-29T15:20:57
SJVN,INE002L01015,4/30/2024,NSE,EQ,EQ,sell,FALSE,50,135.649994,63607220,1.3E+15,2024-04-30T11:18:58
MINDTECK,INE110B01017,4/30/2024,BSE,EQ,B,sell,FALSE,1,297,33137900,1.71445E+18,2024-04-30T11:19:30
MINDTECK,INE110B01017,4/30/2024,BSE,EQ,B,sell,FALSE,29,296.850006,33138100,1.71445E+18,2024-04-30T11:19:30
MAHABANK,INE457A01014,4/30/2024,BSE,EQ,A,sell,FALSE,50,70.440002,66781000,1.71446E+18,2024-04-30T11:29:56
NIYOGIN,INE480D01010,5/2/2024,BSE,EQ,X,buy,FALSE,100,83.5,5076700,1.71462E+18,2024-05-02T10:14:16
IDFCFIRSTB,INE092T01019,5/2/2024,BSE,EQ,A,buy,FALSE,90,82.199997,3656100,1.71462E+18,2024-05-02T10:23:06
GMRINFRA,INE776C01039,5/2/2024,BSE,EQ,A,buy,FALSE,20,87.599998,6752500,1.71463E+18,2024-05-02T12:47:23
SOUTHBANK,INE683A01023,5/2/2024,NSE,EQ,EQ,buy,FALSE,200,30.950001,67187231,1.3E+15,2024-05-02T13:44:26
INTLCONV,INE575C01027,5/3/2024,BSE,EQ,B,sell,FALSE,130,93.949997,569900,1.71471E+18,2024-05-03T09:38:17
MAHABANK,INE457A01014,5/3/2024,NSE,EQ,EQ,sell,FALSE,22,68.449997,43748451,1.2E+15,2024-05-03T11:09:15
MAHABANK,INE457A01014,5/3/2024,NSE,EQ,EQ,sell,FALSE,28,68.449997,43748452,1.2E+15,2024-05-03T11:09:15
BEL,INE263A01024,5/3/2024,NSE,EQ,EQ,buy,FALSE,10,234.100006,4070946,1E+15,2024-05-03T11:22:00
POONAWALLA,INE511C01022,5/6/2024,BSE,EQ,A,sell,FALSE,40,483.450012,39777400,1.71497E+18,2024-05-06T09:49:38
TEXRAIL,INE621L01012,5/6/2024,BSE,EQ,A,sell,FALSE,86,173.449997,40272400,1.71497E+18,2024-05-06T09:50:17
TEXRAIL,INE621L01012,5/6/2024,BSE,EQ,A,sell,FALSE,14,173.399994,40272700,1.71497E+18,2024-05-06T09:50:17
TATASTEEL,INE081A01020,5/6/2024,NSE,EQ,EQ,sell,FALSE,40,165.550003,62106871,1.3E+15,2024-05-06T09:51:23
HBLPOWER,INE292B01021,5/6/2024,NSE,EQ,EQ,sell,FALSE,20,532.150024,22182542,1.1E+15,2024-05-06T09:51:30
BORORENEW,INE666D01022,5/7/2024,BSE,EQ,A,buy,FALSE,10,521.599976,32391100,1.71506E+18,2024-05-07T09:54:46
RKEC,INE786W01010,5/7/2024,NSE,EQ,EQ,buy,FALSE,100,90.75,62412631,1.3E+15,2024-05-07T10:28:53
RKEC,INE786W01010,5/7/2024,NSE,EQ,EQ,sell,FALSE,100,90.550003,62417248,1.3E+15,2024-05-07T10:29:07
IRCTC,INE335Y01020,5/7/2024,BSE,EQ,A,sell,FALSE,10,1008.650024,49651100,1.71506E+18,2024-05-07T10:35:27
MAHABANK,INE457A01014,5/7/2024,NSE,EQ,EQ,sell,FALSE,100,66.300003,42799757,1.2E+15,2024-05-07T10:39:47
MAPMYINDIA,INE0BV301023,5/7/2024,BSE,EQ,A,sell,FALSE,9,1901.650024,52128200,1.71506E+18,2024-05-07T10:40:12
MAPMYINDIA,INE0BV301023,5/7/2024,BSE,EQ,A,sell,FALSE,1,1902,52128000,1.71506E+18,2024-05-07T10:40:12
IRCON,INE962Y01021,5/7/2024,BSE,EQ,A,sell,FALSE,50,238.600006,63310300,1.71506E+18,2024-05-07T11:08:37
RVNL,INE415G01027,5/7/2024,BSE,EQ,A,sell,FALSE,60,271.399994,63384800,1.71506E+18,2024-05-07T11:08:49
IRFC,INE053F01010,5/7/2024,BSE,EQ,A,sell,FALSE,20,151.899994,63750000,1.71506E+18,2024-05-07T11:09:40
TATAPOWER,INE245A01021,5/7/2024,NSE,EQ,EQ,sell,FALSE,100,435.75,63991095,1.3E+15,2024-05-07T11:31:14
GAIL,INE129A01019,5/7/2024,NSE,EQ,EQ,sell,FALSE,171,193.100006,24466282,1.1E+15,2024-05-07T11:31:18
GAIL,INE129A01019,5/7/2024,NSE,EQ,EQ,sell,FALSE,10,193.100006,24466281,1.1E+15,2024-05-07T11:31:18
BHEL,INE257A01026,5/7/2024,BSE,EQ,A,sell,FALSE,100,282.049988,4792000,1.71506E+18,2024-05-07T11:31:23
JIOFIN,INE758E01017,5/7/2024,BSE,EQ,B,sell,FALSE,100,355.549988,45713800,1.71506E+18,2024-05-07T11:31:28
HDFCBANK,INE040A01034,5/7/2024,BSE,EQ,A,sell,FALSE,20,1507.650024,8074500,1.71506E+18,2024-05-07T11:33:25
HINDCOPPER,INE531E01026,5/7/2024,NSE,EQ,EQ,sell,FALSE,60,370.100006,24536000,1.1E+15,2024-05-07T11:34:05
TEJASNET,INE010J01012,5/7/2024,NSE,EQ,EQ,sell,FALSE,19,1047.400024,64070165,1.3E+15,2024-05-07T11:34:11
NATIONALUM,INE139A01034,5/7/2024,BSE,EQ,A,sell,FALSE,100,176.5,2801900,1.71506E+18,2024-05-07T11:34:23
NATIONALUM,INE139A01034,5/7/2024,BSE,EQ,A,sell,FALSE,22,176.550003,2801600,1.71506E+18,2024-05-07T11:34:23
ASTRAL,INE006I01046,5/7/2024,NSE,EQ,EQ,sell,FALSE,12,2058.550049,3679395,1E+15,2024-05-07T11:34:28
BSE,INE118H01025,5/7/2024,NSE,EQ,EQ,sell,FALSE,2,2798,3680543,1E+15,2024-05-07T11:34:32
BSE,INE118H01025,5/7/2024,NSE,EQ,EQ,sell,FALSE,1,2798,3680542,1E+15,2024-05-07T11:34:32
BSE,INE118H01025,5/7/2024,NSE,EQ,EQ,sell,FALSE,2,2798,3680541,1E+15,2024-05-07T11:34:32
IREDA,INE202E01016,5/7/2024,BSE,EQ,B,sell,FALSE,75,168.449997,9739700,1.71506E+18,2024-05-07T11:34:37
SAIL,INE114A01011,5/7/2024,BSE,EQ,A,sell,FALSE,70,157.75,3209500,1.71506E+18,2024-05-07T11:34:41
IRFC,INE053F01010,5/7/2024,BSE,EQ,A,sell,FALSE,94,150.600006,77169100,1.71506E+18,2024-05-07T11:35:33
IRFC,INE053F01010,5/7/2024,BSE,EQ,A,sell,FALSE,6,150.649994,77168400,1.71506E+18,2024-05-07T11:35:33
BHEL,INE257A01026,5/7/2024,BSE,EQ,A,buy,FALSE,100,280.200012,8367400,1.71507E+18,2024-05-07T13:30:14
IRCON,INE962Y01021,5/7/2024,BSE,EQ,A,buy,FALSE,50,235.300003,118387700,1.71507E+18,2024-05-07T13:30:33
TATAPOWER,INE245A01021,5/7/2024,NSE,EQ,EQ,buy,FALSE,100,438.799988,67484151,1.3E+15,2024-05-07T14:14:41
GAIL,INE129A01019,5/7/2024,NSE,EQ,EQ,buy,FALSE,181,194.350006,27948698,1.1E+15,2024-05-07T14:14:49
MAPMYINDIA,INE0BV301023,5/7/2024,BSE,EQ,A,buy,FALSE,6,1926.900024,130921500,1.71507E+18,2024-05-07T14:14:58
MAPMYINDIA,INE0BV301023,5/7/2024,BSE,EQ,A,buy,FALSE,4,1926.849976,130921300,1.71507E+18,2024-05-07T14:14:58
JIOFIN,INE758E01017,5/7/2024,BSE,EQ,B,buy,FALSE,100,357.049988,78746600,1.71507E+18,2024-05-07T14:15:04
TEJASNET,INE010J01012,5/7/2024,NSE,EQ,EQ,buy,FALSE,19,1094,67498641,1.3E+15,2024-05-07T14:15:30
MAHABANK,INE457A01014,5/7/2024,NSE,EQ,EQ,buy,FALSE,100,65.5,47969048,1.2E+15,2024-05-07T14:15:45
RVNL,INE415G01027,5/7/2024,BSE,EQ,A,buy,FALSE,60,268.399994,131168700,1.71507E+18,2024-05-07T14:15:54
NATIONALUM,INE139A01034,5/7/2024,BSE,EQ,A,buy,FALSE,122,177.75,5164800,1.71507E+18,2024-05-07T14:16:22
IRCTC,INE335Y01020,5/7/2024,BSE,EQ,A,buy,FALSE,2,998.75,131357600,1.71507E+18,2024-05-07T14:16:34
IRCTC,INE335Y01020,5/7/2024,BSE,EQ,A,buy,FALSE,8,998.799988,131357800,1.71507E+18,2024-05-07T14:16:34
ASTRAL,INE006I01046,5/7/2024,NSE,EQ,EQ,buy,FALSE,3,2057.050049,6443120,1E+15,2024-05-07T14:16:42
ASTRAL,INE006I01046,5/7/2024,NSE,EQ,EQ,buy,FALSE,2,2057.050049,6443121,1E+15,2024-05-07T14:16:42
ASTRAL,INE006I01046,5/7/2024,NSE,EQ,EQ,buy,FALSE,2,2057.050049,6443117,1E+15,2024-05-07T14:16:42
ASTRAL,INE006I01046,5/7/2024,NSE,EQ,EQ,buy,FALSE,3,2057.050049,6443118,1E+15,2024-05-07T14:16:42
ASTRAL,INE006I01046,5/7/2024,NSE,EQ,EQ,buy,FALSE,2,2057.050049,6443119,1E+15,2024-05-07T14:16:42
BSE,INE118H01025,5/7/2024,NSE,EQ,EQ,buy,FALSE,5,2795.350098,6444667,1E+15,2024-05-07T14:16:48
SAIL,INE114A01011,5/7/2024,BSE,EQ,A,buy,FALSE,70,157.100006,6699400,1.71507E+18,2024-05-07T14:16:58
HDFCBANK,INE040A01034,5/7/2024,BSE,EQ,A,buy,FALSE,20,1510,12022300,1.71507E+18,2024-05-07T14:17:05
IREDA,INE202E01016,5/7/2024,BSE,EQ,B,buy,FALSE,75,168.5,16711100,1.71507E+18,2024-05-07T14:17:10
IRFC,INE053F01010,5/7/2024,BSE,EQ,A,buy,FALSE,120,151.449997,131656800,1.71507E+18,2024-05-07T14:17:18
HINDCOPPER,INE531E01026,5/7/2024,NSE,EQ,EQ,buy,FALSE,60,369.899994,27998717,1.1E+15,2024-05-07T14:17:34
GAIL,INE129A01019,5/8/2024,BSE,EQ,A,buy,FALSE,1,196.600006,443600,1.71514E+18,2024-05-08T09:21:19
GAIL,INE129A01019,5/8/2024,BSE,EQ,A,buy,FALSE,9,196.649994,448600,1.71514E+18,2024-05-08T09:21:25
JIOFIN,INE758E01017,5/8/2024,BSE,EQ,B,buy,FALSE,20,360.549988,4640600,1.71514E+18,2024-05-08T09:21:48
MISHTANN,INE094S01041,5/8/2024,BSE,EQ,B,buy,FALSE,45,18.18,5196000,1.71514E+18,2024-05-08T09:46:10
GMRINFRA,INE776C01039,5/8/2024,BSE,EQ,A,buy,FALSE,30,80.730003,4967400,1.71514E+18,2024-05-08T11:26:54
VIJAYA,INE043W01024,5/8/2024,NSE,EQ,EQ,buy,FALSE,2,673.150024,66452486,1.3E+15,2024-05-08T14:24:52
SWANENERGY,INE665A01038,5/8/2024,NSE,EQ,EQ,buy,FALSE,10,572.700012,66842444,1.3E+15,2024-05-08T14:48:14
GAIL,INE129A01019,5/10/2024,NSE,EQ,EQ,buy,FALSE,19,193.399994,22353071,1.1E+15,2024-05-10T10:17:25
JIOFIN,INE758E01017,5/10/2024,BSE,EQ,B,buy,FALSE,10,343.25,24403600,1.71532E+18,2024-05-10T10:17:50
BEL,INE263A01024,5/10/2024,BSE,EQ,A,buy,FALSE,9,226.600006,4106100,1.71531E+18,2024-05-10T10:29:27
BEL,INE263A01024,5/10/2024,BSE,EQ,A,buy,FALSE,11,226.649994,4106300,1.71531E+18,2024-05-10T10:29:27
HINDCOPPER,INE531E01026,5/10/2024,BSE,EQ,A,buy,FALSE,40,364.75,3804800,1.71532E+18,2024-05-10T10:36:34
ASAHIINDIA,INE439A01020,5/10/2024,NSE,EQ,EQ,buy,FALSE,10,609.299988,4175251,1E+15,2024-05-10T12:31:45
VEDAVAAG,INE359B01010,5/14/2024,BSE,EQ,X,buy,FALSE,50,48.990002,482900,1.71566E+18,2024-05-14T09:19:17
MAHABANK,INE457A01014,5/14/2024,BSE,EQ,A,buy,FALSE,50,63.23,18667100,1.71566E+18,2024-05-14T09:31:02
TATAPOWER,INE245A01021,5/14/2024,BSE,EQ,A,buy,FALSE,30,422,1600000,1.71566E+18,2024-05-14T09:46:35
ASAHIINDIA,INE439A01020,5/14/2024,BSE,EQ,A,buy,FALSE,5,591.5,29220900,1.71566E+18,2024-05-14T09:49:17
JYOTISTRUC,INE197A01024,5/14/2024,BSE,EQ,T,buy,FALSE,200,26.879999,1902300,1.71566E+18,2024-05-14T10:04:22
YESBANK,INE528G01035,5/14/2024,NSE,EQ,EQ,buy,FALSE,100,22.549999,63039969,1.3E+15,2024-05-14T10:59:20
SJVN,INE002L01015,5/15/2024,NSE,EQ,EQ,buy,FALSE,50,130.300003,60469026,1.3E+15,2024-05-15T09:21:10
NIYOGIN,INE480D01010,5/15/2024,BSE,EQ,X,buy,FALSE,20,73.690002,2321600,1.71574E+18,2024-05-15T09:52:09
RKEC,INE786W01010,5/15/2024,NSE,EQ,EQ,buy,FALSE,10,91.349998,61567675,1.3E+15,2024-05-15T09:53:13
MANGIND,INE717C01025,5/15/2024,BSE,EQ,X,buy,FALSE,100,4.46,4054100,1.71574E+18,2024-05-15T09:53:27
VIJAYA,INE043W01024,5/16/2024,BSE,EQ,A,sell,FALSE,2,787.200012,86548300,1.71584E+18,2024-05-16T12:52:12
MTARTECH,INE864I01014,5/17/2024,NSE,EQ,EQ,buy,FALSE,6,1877.949951,40755931,1.2E+15,2024-05-17T09:27:13
TATAMOTORS,INE155A01022,5/17/2024,NSE,EQ,EQ,buy,FALSE,5,946.450012,62921862,1.3E+15,2024-05-17T10:58:35
ESTER,INE778B01029,5/17/2024,NSE,EQ,EQ,buy,FALSE,1,124.949997,24586543,1.1E+15,2024-05-17T12:18:04
ESTER,INE778B01029,5/17/2024,NSE,EQ,EQ,buy,FALSE,1,124.949997,24586542,1.1E+15,2024-05-17T12:18:04
ESTER,INE778B01029,5/17/2024,NSE,EQ,EQ,buy,FALSE,20,124.949997,24586544,1.1E+15,2024-05-17T12:18:04
ESTER,INE778B01029,5/17/2024,NSE,EQ,EQ,buy,FALSE,10,125,24586547,1.1E+15,2024-05-17T12:18:04
ESTER,INE778B01029,5/17/2024,NSE,EQ,EQ,buy,FALSE,17,125,24586545,1.1E+15,2024-05-17T12:18:04
ESTER,INE778B01029,5/17/2024,NSE,EQ,EQ,buy,FALSE,1,125,24586546,1.1E+15,2024-05-17T12:18:04
IRB,INE821I01022,5/21/2024,NSE,EQ,EQ,buy,FALSE,80,68.900002,20112380,1.1E+15,2024-05-21T09:15:10
ASTRAL,INE006I01046,5/21/2024,NSE,EQ,EQ,sell,FALSE,5,2069.850098,4917184,1E+15,2024-05-21T12:07:41
ASTRAL,INE006I01046,5/21/2024,NSE,EQ,EQ,sell,FALSE,7,2069.850098,4917185,1E+15,2024-05-21T12:07:41
JPPOWER,INE351F01018,5/21/2024,NSE,EQ,EQ,buy,FALSE,260,19.950001,45459452,1.2E+15,2024-05-21T12:14:08
ASHOKLEY,INE208A01029,5/21/2024,BSE,EQ,A,buy,FALSE,20,209.699997,5247000,1.71627E+18,2024-05-21T12:19:42
BHEL,INE257A01026,5/22/2024,BSE,EQ,A,sell,FALSE,25,304.850006,2255200,1.71635E+18,2024-05-22T09:19:09
IREDA,INE202E01016,5/22/2024,NSE,EQ,EQ,buy,FALSE,50,190.800003,26701639,1.1E+15,2024-05-22T12:39:14
ZENTEC,INE251B01027,5/27/2024,NSE,EQ,EQ,buy,FALSE,1,957.400024,69155649,1.3E+15,2024-05-27T15:28:50
ZENTEC,INE251B01027,5/27/2024,NSE,EQ,EQ,buy,FALSE,1,957.400024,69155650,1.3E+15,2024-05-27T15:28:50
BORORENEW,INE666D01022,5/28/2024,NSE,EQ,EQ,sell,FALSE,24,483.600006,197754,1E+15,2024-05-28T09:17:18
BORORENEW,INE666D01022,5/28/2024,NSE,EQ,EQ,sell,FALSE,5,483.75,197753,1E+15,2024-05-28T09:17:18
BORORENEW,INE666D01022,5/28/2024,NSE,EQ,EQ,sell,FALSE,91,483.450012,197755,1E+15,2024-05-28T09:17:18
UCOBANK,INE691A01018,5/28/2024,NSE,EQ,EQ,sell,FALSE,150,60.049999,61509265,1.3E+15,2024-05-28T09:44:03
SWANENERGY,INE665A01038,5/28/2024,BSE,EQ,A,sell,FALSE,10,627.150024,1149900,1.71687E+18,2024-05-28T09:55:02
EXIDEIND,INE302A01020,5/28/2024,BSE,EQ,A,buy,FALSE,50,509.049988,4093700,1.71687E+18,2024-05-28T10:20:53
NATIONALUM,INE139A01034,5/28/2024,NSE,EQ,EQ,buy,FALSE,17,199.199997,42679575,1.2E+15,2024-05-28T10:24:01
NATIONALUM,INE139A01034,5/28/2024,NSE,EQ,EQ,buy,FALSE,1,199.199997,42679574,1.2E+15,2024-05-28T10:24:01
ZENTEC,INE251B01027,5/29/2024,BSE,EQ,A,buy,FALSE,3,919.900024,23297600,1.71695E+18,2024-05-29T09:27:08
MTARTECH,INE864I01014,5/29/2024,NSE,EQ,EQ,sell,FALSE,10,1882,41892888,1.2E+15,2024-05-29T09:59:11
TIPSINDLTD,INE716B01029,5/31/2024,NSE,EQ,EQ,buy,FALSE,9,423.75,63332527,1.3E+15,2024-05-31T11:04:01
TIPSINDLTD,INE716B01029,5/31/2024,NSE,EQ,EQ,buy,FALSE,5,423.75,63332528,1.3E+15,2024-05-31T11:04:01
TIPSINDLTD,INE716B01029,5/31/2024,NSE,EQ,EQ,buy,FALSE,6,423.75,63332529,1.3E+15,2024-05-31T11:04:01
PRAJIND,INE074A01025,5/31/2024,NSE,EQ,EQ,buy,FALSE,20,531.5,45062268,1.2E+15,2024-05-31T12:22:49
AWL,INE699H01024,5/31/2024,NSE,EQ,EQ,buy,FALSE,15,355.200012,6991312,1E+15,2024-05-31T14:34:32
AMBUJACEM,INE079A01024,5/31/2024,BSE,EQ,A,buy,FALSE,10,635.200012,4910700,1.71714E+18,2024-05-31T14:34:47
BORORENEW,INE666D01022,6/3/2024,NSE,EQ,EQ,buy,FALSE,5,482.75,1921956,1E+15,2024-06-03T09:35:04
BORORENEW,INE666D01022,6/3/2024,NSE,EQ,EQ,buy,FALSE,1,482.75,1921955,1E+15,2024-06-03T09:35:04
BORORENEW,INE666D01022,6/3/2024,NSE,EQ,EQ,buy,FALSE,2,482.700012,1921952,1E+15,2024-06-03T09:35:04
BORORENEW,INE666D01022,6/3/2024,NSE,EQ,EQ,buy,FALSE,21,482.700012,1921953,1E+15,2024-06-03T09:35:04
BORORENEW,INE666D01022,6/3/2024,NSE,EQ,EQ,buy,FALSE,1,482.700012,1921954,1E+15,2024-06-03T09:35:04
INDUSTOWER,INE121J01017,6/3/2024,BSE,EQ,A,buy,FALSE,15,364.149994,17217300,1.71741E+18,2024-06-03T15:11:18
GAIL,INE129A01019,6/4/2024,NSE,EQ,EQ,sell,FALSE,125,215.25,20289401,1.1E+15,2024-06-04T09:15:55
GAIL,INE129A01019,6/4/2024,NSE,EQ,EQ,sell,FALSE,85,215.25,20289402,1.1E+15,2024-06-04T09:15:55
TATAPOWER,INE245A01021,6/4/2024,NSE,EQ,EQ,sell,FALSE,13,440.200012,60286351,1.3E+15,2024-06-04T09:16:00
TATAPOWER,INE245A01021,6/4/2024,NSE,EQ,EQ,sell,FALSE,44,440.200012,60286350,1.3E+15,2024-06-04T09:16:00
TATAPOWER,INE245A01021,6/4/2024,NSE,EQ,EQ,sell,FALSE,73,440.200012,60286349,1.3E+15,2024-06-04T09:16:00
JIOFIN,INE758E01017,6/4/2024,BSE,EQ,B,sell,FALSE,54,349.850006,3029200,1.71747E+18,2024-06-04T09:16:05
JIOFIN,INE758E01017,6/4/2024,BSE,EQ,B,sell,FALSE,11,349.899994,3028900,1.71747E+18,2024-06-04T09:16:05
JIOFIN,INE758E01017,6/4/2024,BSE,EQ,B,sell,FALSE,65,349.799988,3029400,1.71747E+18,2024-06-04T09:16:05
BHEL,INE257A01026,6/4/2024,NSE,EQ,EQ,sell,FALSE,66,297.5,295929,1E+15,2024-06-04T09:16:08
BHEL,INE257A01026,6/4/2024,NSE,EQ,EQ,sell,FALSE,9,297.5,295930,1E+15,2024-06-04T09:16:08
TEJASNET,INE010J01012,6/4/2024,NSE,EQ,EQ,sell,FALSE,19,1133.349976,60322245,1.3E+15,2024-06-04T09:16:14
RVNL,INE415G01027,6/4/2024,NSE,EQ,EQ,sell,FALSE,60,391.149994,60349240,1.3E+15,2024-06-04T09:16:26
NATIONALUM,INE139A01034,6/4/2024,NSE,EQ,EQ,sell,FALSE,140,189.050003,40312488,1.2E+15,2024-06-04T09:16:30
HINDCOPPER,INE531E01026,6/4/2024,NSE,EQ,EQ,sell,FALSE,100,360.5,20389943,1.1E+15,2024-06-04T09:16:35
BEL,INE263A01024,6/4/2024,BSE,EQ,A,sell,FALSE,8,305.799988,2011400,1.71747E+18,2024-06-04T09:16:40
BEL,INE263A01024,6/4/2024,BSE,EQ,A,sell,FALSE,42,305.75,2011600,1.71747E+18,2024-06-04T09:16:40
IRFC,INE053F01010,6/4/2024,BSE,EQ,A,sell,FALSE,120,182.5,18714400,1.71747E+18,2024-06-04T09:16:43
IREDA,INE202E01016,6/4/2024,BSE,EQ,B,sell,FALSE,10,184.449997,1496800,1.71747E+18,2024-06-04T09:16:46
IREDA,INE202E01016,6/4/2024,BSE,EQ,B,sell,FALSE,115,184.399994,1497000,1.71747E+18,2024-06-04T09:16:46
BSE,INE118H01025,6/4/2024,NSE,EQ,EQ,sell,FALSE,5,2666.449951,390980,1E+15,2024-06-04T09:16:50
SAIL,INE114A01011,6/4/2024,NSE,EQ,EQ,sell,FALSE,70,162.350006,60408461,1.3E+15,2024-06-04T09:16:54
HAL,INE066F01020,6/4/2024,BSE,EQ,A,sell,FALSE,1,5066.399902,1115500,1.71747E+18,2024-06-04T09:16:58
IRCON,INE962Y01021,6/4/2024,BSE,EQ,A,sell,FALSE,22,271.5,20030500,1.71747E+18,2024-06-04T09:17:02
IRCON,INE962Y01021,6/4/2024,BSE,EQ,A,sell,FALSE,22,271.450012,20030800,1.71747E+18,2024-06-04T09:17:02
IRCON,INE962Y01021,6/4/2024,BSE,EQ,A,sell,FALSE,6,271.399994,20031000,1.71747E+18,2024-06-04T09:17:02
MAHABANK,INE457A01014,6/4/2024,BSE,EQ,A,sell,FALSE,150,69.639999,20209800,1.71747E+18,2024-06-04T09:17:05
NHPC,INE848E01016,6/4/2024,NSE,EQ,EQ,sell,FALSE,120,108.699997,40390540,1.2E+15,2024-06-04T09:17:08
HDFCBANK,INE040A01034,6/4/2024,NSE,EQ,EQ,sell,FALSE,20,1532.550049,20466012,1.1E+15,2024-06-04T09:17:11
MAPMYINDIA,INE0BV301023,6/4/2024,BSE,EQ,A,sell,FALSE,10,1900.849976,20818600,1.71747E+18,2024-06-04T09:17:14
IRCTC,INE335Y01020,6/4/2024,NSE,EQ,EQ,sell,FALSE,10,1025.099976,20477264,1.1E+15,2024-06-04T09:17:17
CAMS,INE596I01012,6/4/2024,BSE,EQ,A,sell,FALSE,2,3487.75,21198500,1.71747E+18,2024-06-04T09:17:20
ASHOKLEY,INE208A01029,6/4/2024,NSE,EQ,EQ,sell,FALSE,20,231.600006,459383,1E+15,2024-06-04T09:17:23
KPITTECH,INE04I401011,6/4/2024,BSE,EQ,A,sell,FALSE,4,1431.75,21618600,1.71747E+18,2024-06-04T09:17:26
AMBUJACEM,INE079A01024,6/4/2024,NSE,EQ,EQ,sell,FALSE,1,649,470765,1E+15,2024-06-04T09:17:29
AMBUJACEM,INE079A01024,6/4/2024,NSE,EQ,EQ,sell,FALSE,1,649,470766,1E+15,2024-06-04T09:17:29
AMBUJACEM,INE079A01024,6/4/2024,NSE,EQ,EQ,sell,FALSE,8,648.900024,470767,1E+15,2024-06-04T09:17:29
IRB,INE821I01022,6/4/2024,BSE,EQ,A,sell,FALSE,80,70.989998,2989100,1.71747E+18,2024-06-04T09:17:33
PRAJIND,INE074A01025,6/4/2024,NSE,EQ,EQ,sell,FALSE,20,537.099976,40444555,1.2E+15,2024-06-04T09:17:36
ZENTEC,INE251B01027,6/4/2024,NSE,EQ,EQ,sell,FALSE,5,958.900024,60500089,1.3E+15,2024-06-04T09:17:40
CDSL,INE736A01011,6/4/2024,NSE,EQ,EQ,sell,FALSE,3,2105.449951,497108,1E+15,2024-06-04T09:17:43
CDSL,INE736A01011,6/4/2024,NSE,EQ,EQ,sell,FALSE,2,2105.449951,497107,1E+15,2024-06-04T09:17:43
AWL,INE699H01024,6/4/2024,BSE,EQ,A,sell,FALSE,15,356.850006,22839900,1.71747E+18,2024-06-04T09:17:46
TATAPOWER,INE245A01021,6/4/2024,NSE,EQ,EQ,buy,FALSE,120,448.350006,60565715,1.3E+15,2024-06-04T09:18:17
TATAPOWER,INE245A01021,6/4/2024,NSE,EQ,EQ,buy,FALSE,10,448.399994,60565716,1.3E+15,2024-06-04T09:18:17
GAIL,INE129A01019,6/4/2024,NSE,EQ,EQ,buy,FALSE,47,220.449997,20626181,1.1E+15,2024-06-04T09:18:40
GAIL,INE129A01019,6/4/2024,NSE,EQ,EQ,buy,FALSE,30,220.449997,20626180,1.1E+15,2024-06-04T09:18:40
GAIL,INE129A01019,6/4/2024,NSE,EQ,EQ,buy,FALSE,133,220.449997,20626179,1.1E+15,2024-06-04T09:18:40
SJVN,INE002L01015,6/4/2024,BSE,EQ,A,sell,FALSE,50,131.600006,3192800,1.71747E+18,2024-06-04T09:21:52
DREAMFOLKS,INE0JS101016,6/4/2024,NSE,EQ,EQ,sell,FALSE,2,457.600006,22848629,1.1E+15,2024-06-04T09:39:30
BORORENEW,INE666D01022,6/4/2024,NSE,EQ,EQ,sell,FALSE,3,473.899994,2818051,1E+15,2024-06-04T09:39:58
BORORENEW,INE666D01022,6/4/2024,NSE,EQ,EQ,sell,FALSE,1,473.899994,2818052,1E+15,2024-06-04T09:39:58
BORORENEW,INE666D01022,6/4/2024,NSE,EQ,EQ,sell,FALSE,5,473.649994,2818053,1E+15,2024-06-04T09:39:58
BORORENEW,INE666D01022,6/4/2024,NSE,EQ,EQ,sell,FALSE,2,473.600006,2818054,1E+15,2024-06-04T09:39:58
BORORENEW,INE666D01022,6/4/2024,NSE,EQ,EQ,sell,FALSE,3,473.600006,2818055,1E+15,2024-06-04T09:39:58
BORORENEW,INE666D01022,6/4/2024,NSE,EQ,EQ,sell,FALSE,1,473.549988,2818056,1E+15,2024-06-04T09:39:58
BORORENEW,INE666D01022,6/4/2024,NSE,EQ,EQ,sell,FALSE,10,473.549988,2818057,1E+15,2024-06-04T09:39:58
BORORENEW,INE666D01022,6/4/2024,NSE,EQ,EQ,sell,FALSE,1,473.450012,2818058,1E+15,2024-06-04T09:39:58
BORORENEW,INE666D01022,6/4/2024,NSE,EQ,EQ,sell,FALSE,4,473.450012,2818059,1E+15,2024-06-04T09:39:58
INDUSTOWER,INE121J01017,6/4/2024,NSE,EQ,EQ,sell,FALSE,15,341.850006,22914436,1.1E+15,2024-06-04T09:40:13
ASAHIINDIA,INE439A01020,6/4/2024,NSE,EQ,EQ,sell,FALSE,15,577.200012,2846951,1E+15,2024-06-04T09:40:18
GMRINFRA,INE776C01039,6/4/2024,NSE,EQ,EQ,sell,FALSE,100,83,22929206,1.1E+15,2024-06-04T09:40:23
WANBURY,INE107F01022,6/4/2024,BSE,EQ,B,sell,FALSE,30,142,22812000,1.71747E+18,2024-06-04T09:40:39
TATAMOTORS,INE155A01022,6/4/2024,BSE,EQ,A,sell,FALSE,10,920.799988,7424600,1.71747E+18,2024-06-04T09:40:55
TIPSINDLTD,INE716B01029,6/4/2024,BSE,EQ,B,sell,FALSE,20,390.350006,22997800,1.71747E+18,2024-06-04T09:41:00
YESBANK,INE528G01035,6/4/2024,NSE,EQ,EQ,sell,FALSE,300,22.75,62762662,1.3E+15,2024-06-04T09:41:06
IDFCFIRSTB,INE092T01019,6/4/2024,NSE,EQ,EQ,sell,FALSE,100,75.5,22997878,1.1E+15,2024-06-04T09:41:11
RKEC,INE786W01010,6/4/2024,NSE,EQ,EQ,sell,FALSE,60,83.75,62773825,1.3E+15,2024-06-04T09:41:17
SOUTHBANK,INE683A01023,6/4/2024,NSE,EQ,EQ,sell,FALSE,200,26.65,62779443,1.3E+15,2024-06-04T09:41:21
MANGIND,INE717C01025,6/4/2024,BSE,EQ,X,sell,FALSE,900,4.01,4847300,1.71747E+18,2024-06-04T09:41:26
EXIDEIND,INE302A01020,6/4/2024,NSE,EQ,EQ,sell,FALSE,5,480.350006,23024087,1.1E+15,2024-06-04T09:41:31
EXIDEIND,INE302A01020,6/4/2024,NSE,EQ,EQ,sell,FALSE,13,480.350006,23024090,1.1E+15,2024-06-04T09:41:31
EXIDEIND,INE302A01020,6/4/2024,NSE,EQ,EQ,sell,FALSE,10,480.350006,23024089,1.1E+15,2024-06-04T09:41:31
EXIDEIND,INE302A01020,6/4/2024,NSE,EQ,EQ,sell,FALSE,3,480.350006,23024088,1.1E+15,2024-06-04T09:41:31
EXIDEIND,INE302A01020,6/4/2024,NSE,EQ,EQ,sell,FALSE,17,480.350006,23024091,1.1E+15,2024-06-04T09:41:31
EXIDEIND,INE302A01020,6/4/2024,NSE,EQ,EQ,sell,FALSE,1,480.399994,23024086,1.1E+15,2024-06-04T09:41:31
EXIDEIND,INE302A01020,6/4/2024,NSE,EQ,EQ,sell,FALSE,1,480.399994,23024085,1.1E+15,2024-06-04T09:41:31
ESTER,INE778B01029,6/4/2024,NSE,EQ,EQ,sell,FALSE,7,111.599998,23029852,1.1E+15,2024-06-04T09:41:35
ESTER,INE778B01029,6/4/2024,NSE,EQ,EQ,sell,FALSE,27,111.599998,23029853,1.1E+15,2024-06-04T09:41:35
ESTER,INE778B01029,6/4/2024,NSE,EQ,EQ,sell,FALSE,5,111.599998,23029854,1.1E+15,2024-06-04T09:41:35
ESTER,INE778B01029,6/4/2024,NSE,EQ,EQ,sell,FALSE,11,111.599998,23029851,1.1E+15,2024-06-04T09:41:35
MTNL,INE153A01019,6/4/2024,BSE,EQ,B,sell,FALSE,200,37.419998,23298400,1.71747E+18,2024-06-04T09:41:40
NIYOGIN,INE480D01010,6/4/2024,BSE,EQ,X,sell,FALSE,120,68.330002,2703500,1.71747E+18,2024-06-04T09:41:45
DPSCLTD,INE360C01024,6/4/2024,NSE,EQ,EQ,sell,FALSE,173,16.549999,23048443,1.1E+15,2024-06-04T09:41:50
DPSCLTD,INE360C01024,6/4/2024,NSE,EQ,EQ,sell,FALSE,11,16.549999,23048442,1.1E+15,2024-06-04T09:41:50
DPSCLTD,INE360C01024,6/4/2024,NSE,EQ,EQ,sell,FALSE,13,16.6,23048441,1.1E+15,2024-06-04T09:41:50
DPSCLTD,INE360C01024,6/4/2024,NSE,EQ,EQ,sell,FALSE,3,16.700001,23048440,1.1E+15,2024-06-04T09:41:50
GREENPOWER,INE999K01014,6/4/2024,BSE,EQ,B,sell,FALSE,440,19.690001,23403800,1.71747E+18,2024-06-04T09:41:55
GREENPOWER,INE999K01014,6/4/2024,BSE,EQ,B,sell,FALSE,10,19.700001,23403600,1.71747E+18,2024-06-04T09:41:55
JAGRAN,INE199G01027,6/4/2024,BSE,EQ,B,sell,FALSE,12,87.379997,1134200,1.71747E+18,2024-06-04T09:41:59
JAGRAN,INE199G01027,6/4/2024,BSE,EQ,B,sell,FALSE,42,87.370003,1134400,1.71747E+18,2024-06-04T09:41:59
JAGRAN,INE199G01027,6/4/2024,BSE,EQ,B,sell,FALSE,16,87.389999,1134000,1.71747E+18,2024-06-04T09:41:59
RPOWER,INE614G01033,6/4/2024,BSE,EQ,A,sell,FALSE,199,24.6,103282400,1.71747E+18,2024-06-04T09:42:03
RPOWER,INE614G01033,6/4/2024,BSE,EQ,A,sell,FALSE,1,24.620001,103282200,1.71747E+18,2024-06-04T09:42:03
MISHTANN,INE094S01041,6/4/2024,BSE,EQ,B,sell,FALSE,500,16.110001,7291900,1.71747E+18,2024-06-04T09:42:14
TATATECH,INE142M01025,6/4/2024,NSE,EQ,EQ,sell,FALSE,20,1018.049988,62843161,1.3E+15,2024-06-04T09:42:17
ESAFSFB,INE818W01011,6/4/2024,NSE,EQ,EQ,sell,FALSE,99,51.950001,23093126,1.1E+15,2024-06-04T09:42:22
ESAFSFB,INE818W01011,6/4/2024,NSE,EQ,EQ,sell,FALSE,46,51.950001,23093128,1.1E+15,2024-06-04T09:42:22
ESAFSFB,INE818W01011,6/4/2024,NSE,EQ,EQ,sell,FALSE,5,51.950001,23093127,1.1E+15,2024-06-04T09:42:22
VEDAVAAG,INE359B01010,6/4/2024,BSE,EQ,X,sell,FALSE,329,48.060001,2748800,1.71747E+18,2024-06-04T09:42:25
VEDAVAAG,INE359B01010,6/4/2024,BSE,EQ,X,sell,FALSE,20,48.049999,2749000,1.71747E+18,2024-06-04T09:42:25
VEDAVAAG,INE359B01010,6/4/2024,BSE,EQ,X,sell,FALSE,1,48.07,2748500,1.71747E+18,2024-06-04T09:42:25
JPPOWER,INE351F01018,6/4/2024,NSE,EQ,EQ,sell,FALSE,260,19.15,43471255,1.2E+15,2024-06-04T09:56:18
HINDCOPPER,INE531E01026,6/4/2024,NSE,EQ,EQ,buy,FALSE,100,351.299988,24998522,1.1E+15,2024-06-04T10:15:54
NATIONALUM,INE139A01034,6/4/2024,NSE,EQ,EQ,buy,FALSE,103,184.149994,44329947,1.2E+15,2024-06-04T10:16:00
NATIONALUM,INE139A01034,6/4/2024,NSE,EQ,EQ,buy,FALSE,37,184.149994,44329948,1.2E+15,2024-06-04T10:16:00
BHEL,INE257A01026,6/4/2024,NSE,EQ,EQ,buy,FALSE,75,292.600006,4830555,1E+15,2024-06-04T10:16:06
SAIL,INE114A01011,6/4/2024,NSE,EQ,EQ,buy,FALSE,70,157.649994,64559781,1.3E+15,2024-06-04T10:16:11
IRFC,INE053F01010,6/4/2024,BSE,EQ,A,buy,FALSE,120,181.699997,142544500,1.71748E+18,2024-06-04T10:16:28
MAPMYINDIA,INE0BV301023,6/4/2024,BSE,EQ,A,buy,FALSE,10,1884.400024,142684300,1.71748E+18,2024-06-04T10:16:44
AMBUJACEM,INE079A01024,6/4/2024,NSE,EQ,EQ,buy,FALSE,10,629.299988,4858310,1E+15,2024-06-04T10:16:58
KPITTECH,INE04I401011,6/4/2024,BSE,EQ,A,buy,FALSE,4,1410.199951,142932800,1.71748E+18,2024-06-04T10:17:09
NHPC,INE848E01016,6/4/2024,NSE,EQ,EQ,buy,FALSE,120,108.099998,44368473,1.2E+15,2024-06-04T10:17:18
HAL,INE066F01020,6/4/2024,BSE,EQ,A,buy,FALSE,1,5004.350098,10087900,1.71748E+18,2024-06-04T10:17:26
MAHABANK,INE457A01014,6/4/2024,BSE,EQ,A,buy,FALSE,150,69.290001,143206500,1.71748E+18,2024-06-04T10:17:32
ASHOKLEY,INE208A01029,6/4/2024,NSE,EQ,EQ,buy,FALSE,20,229.050003,4881550,1E+15,2024-06-04T10:17:39
CAMS,INE596I01012,6/4/2024,BSE,EQ,A,buy,FALSE,2,3474.699951,143385300,1.71748E+18,2024-06-04T10:17:50
ZENTEC,INE251B01027,6/4/2024,NSE,EQ,EQ,buy,FALSE,5,957,64612326,1.3E+15,2024-06-04T10:17:54
IREDA,INE202E01016,6/4/2024,BSE,EQ,B,buy,FALSE,125,180.199997,18190700,1.71748E+18,2024-06-04T10:32:32
BEL,INE263A01024,6/4/2024,BSE,EQ,A,buy,FALSE,50,292,18456700,1.71748E+18,2024-06-04T10:32:55
JIOFIN,INE758E01017,6/4/2024,BSE,EQ,B,buy,FALSE,130,349.149994,38554800,1.71748E+18,2024-06-04T10:33:10
CDSL,INE736A01011,6/4/2024,NSE,EQ,EQ,buy,FALSE,5,2081.800049,5548195,1E+15,2024-06-04T10:33:18
RVNL,INE415G01027,6/4/2024,NSE,EQ,EQ,buy,FALSE,60,388.5,65193200,1.3E+15,2024-06-04T10:33:25
BSE,INE118H01025,6/4/2024,NSE,EQ,EQ,buy,FALSE,5,2616.800049,5657436,1E+15,2024-06-04T10:35:17
IRCON,INE962Y01021,6/4/2024,BSE,EQ,A,buy,FALSE,50,269.350006,157744200,1.71748E+18,2024-06-04T10:35:31
AWL,INE699H01024,6/4/2024,BSE,EQ,A,buy,FALSE,15,350.899994,159789000,1.71748E+18,2024-06-04T10:38:39
IRCTC,INE335Y01020,6/4/2024,NSE,EQ,EQ,buy,FALSE,10,1002.950012,26110050,1.1E+15,2024-06-04T10:42:06
HDFCBANK,INE040A01034,6/4/2024,NSE,EQ,EQ,buy,FALSE,20,1525.599976,26195698,1.1E+15,2024-06-04T10:44:08
GMRINFRA,INE776C01039,6/4/2024,NSE,EQ,EQ,buy,FALSE,100,81.900002,26388696,1.1E+15,2024-06-04T10:47:35
TEJASNET,INE010J01012,6/4/2024,NSE,EQ,EQ,buy,FALSE,19,1076.349976,76133409,1.3E+15,2024-06-04T13:45:31
PRAJIND,INE074A01025,6/4/2024,NSE,EQ,EQ,buy,FALSE,20,509.5,55519573,1.2E+15,2024-06-04T13:45:40
EXIDEIND,INE302A01020,6/4/2024,NSE,EQ,EQ,buy,FALSE,50,472.299988,37126711,1.1E+15,2024-06-04T13:45:49
JIOFIN,INE758E01017,6/4/2024,BSE,EQ,B,buy,FALSE,20,339.25,125429500,1.71749E+18,2024-06-04T14:11:33
JIOFIN,INE758E01017,6/5/2024,NSE,EQ,EQ,buy,FALSE,20,337.950012,43400483,1.2E+15,2024-06-05T10:02:41
DCMSRIND,INE843D01027,6/5/2024,NSE,EQ,EQ,buy,FALSE,28,195.75,25069125,1.1E+15,2024-06-05T10:23:54
DCMSRIND,INE843D01027,6/5/2024,NSE,EQ,EQ,buy,FALSE,1,195.75,25069124,1.1E+15,2024-06-05T10:23:54
DCMSRIND,INE843D01027,6/5/2024,NSE,EQ,EQ,buy,FALSE,1,195.75,25069123,1.1E+15,2024-06-05T10:23:54
HAPPSTMNDS,INE419U01012,6/5/2024,NSE,EQ,EQ,buy,FALSE,20,775,25084860,1.1E+15,2024-06-05T10:24:17
HAPPSTMNDS,INE419U01012,6/5/2024,NSE,EQ,EQ,buy,FALSE,10,774.950012,25084859,1.1E+15,2024-06-05T10:24:17
ITBEES,INF204KB15V2,6/5/2024,NSE,EQ,EQ,buy,FALSE,923,35.25,44291379,1.2E+15,2024-06-05T10:24:34
ITBEES,INF204KB15V2,6/5/2024,NSE,EQ,EQ,buy,FALSE,77,35.25,44291378,1.2E+15,2024-06-05T10:24:34
HFCL,INE548A01028,6/5/2024,NSE,EQ,EQ,buy,FALSE,120,86.449997,25107314,1.1E+15,2024-06-05T10:24:49
ZENTEC,INE251B01027,6/5/2024,NSE,EQ,EQ,buy,FALSE,6,893.950012,64103659,1.3E+15,2024-06-05T10:25:18
ZENTEC,INE251B01027,6/5/2024,NSE,EQ,EQ,buy,FALSE,4,893.950012,64103658,1.3E+15,2024-06-05T10:25:18
EXIDEIND,INE302A01020,6/5/2024,NSE,EQ,EQ,buy,FALSE,15,473.399994,25942224,1.1E+15,2024-06-05T10:46:08
GMRINFRA,INE776C01039,6/5/2024,NSE,EQ,EQ,buy,FALSE,60,78.099998,27524631,1.1E+15,2024-06-05T11:19:28
HINDCOPPER,INE531E01026,6/5/2024,BSE,EQ,A,buy,FALSE,50,308.799988,18292200,1.71757E+18,2024-06-05T12:27:32
AZAD,INE02IJ01035,6/5/2024,NSE,EQ,EQ,buy,FALSE,9,1400,9792258,1E+15,2024-06-05T12:40:24
AZAD,INE02IJ01035,6/5/2024,NSE,EQ,EQ,buy,FALSE,1,1400,9792259,1E+15,2024-06-05T12:40:24
BHEL,INE257A01026,6/5/2024,NSE,EQ,EQ,buy,FALSE,4,247.350006,10796637,1E+15,2024-06-05T13:19:29
BHEL,INE257A01026,6/5/2024,NSE,EQ,EQ,buy,FALSE,1,247.350006,10796636,1E+15,2024-06-05T13:19:29
BHEL,INE257A01026,6/5/2024,NSE,EQ,EQ,buy,FALSE,20,247.350006,10796635,1E+15,2024-06-05T13:19:29
MAHABANK,INE457A01014,6/5/2024,NSE,EQ,EQ,buy,FALSE,50,64.050003,49901734,1.2E+15,2024-06-05T13:20:03
PRAJIND,INE074A01025,6/5/2024,NSE,EQ,EQ,buy,FALSE,6,507.299988,49909714,1.2E+15,2024-06-05T13:20:22
PRAJIND,INE074A01025,6/5/2024,NSE,EQ,EQ,buy,FALSE,7,507.299988,49909713,1.2E+15,2024-06-05T13:20:22
PRAJIND,INE074A01025,6/5/2024,NSE,EQ,EQ,buy,FALSE,7,507.299988,49909715,1.2E+15,2024-06-05T13:20:22
HERITGFOOD,INE978A01027,6/6/2024,NSE,EQ,EQ,buy,FALSE,20,590,20016130,1.1E+15,2024-06-06T09:07:25
IRCTC,INE335Y01020,6/6/2024,NSE,EQ,EQ,sell,FALSE,10,962.799988,22653351,1.1E+15,2024-06-06T09:54:19
GMRINFRA,INE776C01039,6/6/2024,BSE,EQ,A,sell,FALSE,160,83.300003,12700700,1.71766E+18,2024-06-06T13:10:59
ZENTEC,INE251B01027,6/6/2024,BSE,EQ,A,sell,FALSE,15,920.25,157388000,1.71766E+18,2024-06-06T13:11:07
DCMSRIND,INE843D01027,6/6/2024,NSE,EQ,EQ,sell,FALSE,30,204,28367766,1.1E+15,2024-06-06T13:11:15
ASHOKLEY,INE208A01029,6/6/2024,NSE,EQ,EQ,sell,FALSE,20,223.899994,7794498,1E+15,2024-06-06T13:11:18
KPITTECH,INE04I401011,6/6/2024,NSE,EQ,EQ,sell,FALSE,4,1474.550049,48335334,1.2E+15,2024-06-06T13:11:22
PRAJIND,INE074A01025,6/6/2024,BSE,EQ,A,sell,FALSE,2,531.049988,157491000,1.71766E+18,2024-06-06T13:11:26
PRAJIND,INE074A01025,6/6/2024,BSE,EQ,A,sell,FALSE,1,531,157491200,1.71766E+18,2024-06-06T13:11:26
PRAJIND,INE074A01025,6/6/2024,BSE,EQ,A,sell,FALSE,10,530.950012,157491400,1.71766E+18,2024-06-06T13:11:26
PRAJIND,INE074A01025,6/6/2024,BSE,EQ,A,sell,FALSE,27,530.849976,157491600,1.71766E+18,2024-06-06T13:11:26
NHPC,INE848E01016,6/6/2024,BSE,EQ,A,sell,FALSE,120,101.300003,9801100,1.71766E+18,2024-06-06T13:11:30
HAPPSTMNDS,INE419U01012,6/6/2024,BSE,EQ,A,sell,FALSE,29,798.650024,157552500,1.71766E+18,2024-06-06T13:11:34
HAPPSTMNDS,INE419U01012,6/6/2024,BSE,EQ,A,sell,FALSE,1,798.700012,157552300,1.71766E+18,2024-06-06T13:11:34
CAMS,INE596I01012,6/6/2024,BSE,EQ,A,sell,FALSE,1,3415.800049,157585200,1.71766E+18,2024-06-06T13:11:38
CAMS,INE596I01012,6/6/2024,BSE,EQ,A,sell,FALSE,1,3417,157585000,1.71766E+18,2024-06-06T13:11:38
EXIDEIND,INE302A01020,6/6/2024,NSE,EQ,EQ,sell,FALSE,19,513.349976,28382260,1.1E+15,2024-06-06T13:11:42
EXIDEIND,INE302A01020,6/6/2024,NSE,EQ,EQ,sell,FALSE,9,513.349976,28382261,1.1E+15,2024-06-06T13:11:42
EXIDEIND,INE302A01020,6/6/2024,NSE,EQ,EQ,sell,FALSE,37,513.349976,28382262,1.1E+15,2024-06-06T13:11:42
HFCL,INE548A01028,6/6/2024,BSE,EQ,A,sell,FALSE,120,93.050003,157677200,1.71766E+18,2024-06-06T13:11:46
ITBEES,INF204KB15V2,6/6/2024,NSE,EQ,EQ,sell,FALSE,1000,36.09,48348351,1.2E+15,2024-06-06T13:11:51
IRCON,INE962Y01021,6/6/2024,NSE,EQ,EQ,sell,FALSE,50,252.149994,28388349,1.1E+15,2024-06-06T13:11:56
SAIL,INE114A01011,6/6/2024,BSE,EQ,A,sell,FALSE,70,146.850006,8654400,1.71766E+18,2024-06-06T13:11:59
AZAD,INE02IJ01035,6/6/2024,BSE,EQ,B,sell,FALSE,10,1518.449951,4138800,1.71766E+18,2024-06-06T13:12:04
MAHABANK,INE457A01014,6/6/2024,NSE,EQ,EQ,sell,FALSE,200,65.5,48356306,1.2E+15,2024-06-06T13:12:07
HAL,INE066F01020,6/6/2024,NSE,EQ,EQ,sell,FALSE,1,4599,28397041,1.1E+15,2024-06-06T13:12:11
HDFCBANK,INE040A01034,6/6/2024,NSE,EQ,EQ,sell,FALSE,20,1549.75,28399360,1.1E+15,2024-06-06T13:12:14
MAPMYINDIA,INE0BV301023,6/6/2024,NSE,EQ,EQ,sell,FALSE,10,1957.25,48362691,1.2E+15,2024-06-06T13:12:19
IREDA,INE202E01016,6/6/2024,BSE,EQ,B,sell,FALSE,125,177.149994,14941700,1.71766E+18,2024-06-06T13:12:23
BSE,INE118H01025,6/6/2024,NSE,EQ,EQ,sell,FALSE,5,2696.949951,7827690,1E+15,2024-06-06T13:12:27
BEL,INE263A01024,6/6/2024,BSE,EQ,A,sell,FALSE,50,270.149994,18937000,1.71766E+18,2024-06-06T13:12:30
IRFC,INE053F01010,6/6/2024,BSE,EQ,A,sell,FALSE,65,172.25,157965100,1.71766E+18,2024-06-06T13:12:35
IRFC,INE053F01010,6/6/2024,BSE,EQ,A,sell,FALSE,55,172.199997,157965300,1.71766E+18,2024-06-06T13:12:35
HINDCOPPER,INE531E01026,6/6/2024,BSE,EQ,A,sell,FALSE,42,334.549988,15683300,1.71765E+18,2024-06-06T13:12:40
HINDCOPPER,INE531E01026,6/6/2024,BSE,EQ,A,sell,FALSE,106,334.5,15683700,1.71765E+18,2024-06-06T13:12:40
HINDCOPPER,INE531E01026,6/6/2024,BSE,EQ,A,sell,FALSE,2,334.600006,15683000,1.71765E+18,2024-06-06T13:12:40
NATIONALUM,INE139A01034,6/6/2024,NSE,EQ,EQ,sell,FALSE,140,179.050003,48372598,1.2E+15,2024-06-06T13:12:46
RVNL,INE415G01027,6/6/2024,BSE,EQ,A,sell,FALSE,60,368.75,158056400,1.71766E+18,2024-06-06T13:12:50
TEJASNET,INE010J01012,6/6/2024,NSE,EQ,EQ,sell,FALSE,19,1156,67619368,1.3E+15,2024-06-06T13:12:54
BHEL,INE257A01026,6/6/2024,NSE,EQ,EQ,sell,FALSE,2,279.799988,7841861,1E+15,2024-06-06T13:13:02
BHEL,INE257A01026,6/6/2024,NSE,EQ,EQ,sell,FALSE,95,279.799988,7841862,1E+15,2024-06-06T13:13:02
BHEL,INE257A01026,6/6/2024,NSE,EQ,EQ,sell,FALSE,3,279.850006,7841860,1E+15,2024-06-06T13:13:02
JIOFIN,INE758E01017,6/6/2024,NSE,EQ,EQ,sell,FALSE,170,348.700012,48380153,1.2E+15,2024-06-06T13:13:06
TATAPOWER,INE245A01021,6/6/2024,NSE,EQ,EQ,sell,FALSE,10,428.549988,67624913,1.3E+15,2024-06-06T13:13:10
TATAPOWER,INE245A01021,6/6/2024,NSE,EQ,EQ,sell,FALSE,120,428.549988,67624914,1.3E+15,2024-06-06T13:13:10
GAIL,INE129A01019,6/6/2024,BSE,EQ,A,sell,FALSE,10,204.399994,10277000,1.71765E+18,2024-06-06T13:13:14
GAIL,INE129A01019,6/6/2024,BSE,EQ,A,sell,FALSE,200,204.449997,10276800,1.71765E+18,2024-06-06T13:13:14
AZAD,INE02IJ01035,6/6/2024,BSE,EQ,B,buy,FALSE,10,1515,4259700,1.71766E+18,2024-06-06T13:21:56
KPITTECH,INE04I401011,6/6/2024,NSE,EQ,EQ,buy,FALSE,4,1475.099976,48587831,1.2E+15,2024-06-06T13:22:29
ASHOKLEY,INE208A01029,6/6/2024,NSE,EQ,EQ,buy,FALSE,20,224.100006,8064857,1E+15,2024-06-06T13:22:44
IRCON,INE962Y01021,6/6/2024,NSE,EQ,EQ,buy,FALSE,33,252.449997,28640977,1.1E+15,2024-06-06T13:22:49
IRCON,INE962Y01021,6/6/2024,NSE,EQ,EQ,buy,FALSE,17,252.449997,28640976,1.1E+15,2024-06-06T13:22:49
HAL,INE066F01020,6/6/2024,NSE,EQ,EQ,buy,FALSE,1,4617.850098,28642224,1.1E+15,2024-06-06T13:22:54
BSE,INE118H01025,6/6/2024,NSE,EQ,EQ,buy,FALSE,1,2702.949951,8068358,1E+15,2024-06-06T13:22:58
BSE,INE118H01025,6/6/2024,NSE,EQ,EQ,buy,FALSE,1,2703.199951,8068360,1E+15,2024-06-06T13:22:58
BSE,INE118H01025,6/6/2024,NSE,EQ,EQ,buy,FALSE,1,2703.050049,8068359,1E+15,2024-06-06T13:22:58
BSE,INE118H01025,6/6/2024,NSE,EQ,EQ,buy,FALSE,1,2703.25,8068361,1E+15,2024-06-06T13:22:58
BSE,INE118H01025,6/6/2024,NSE,EQ,EQ,buy,FALSE,1,2703.350098,8068362,1E+15,2024-06-06T13:22:58
CAMS,INE596I01012,6/6/2024,BSE,EQ,A,buy,FALSE,2,3435.600098,161337000,1.71766E+18,2024-06-06T13:23:01
HFCL,INE548A01028,6/6/2024,BSE,EQ,A,buy,FALSE,120,93.449997,161348900,1.71766E+18,2024-06-06T13:23:05
ITBEES,INF204KB15V2,6/6/2024,NSE,EQ,EQ,buy,FALSE,497,36.130001,48601183,1.2E+15,2024-06-06T13:23:08
ITBEES,INF204KB15V2,6/6/2024,NSE,EQ,EQ,buy,FALSE,503,36.130001,48601182,1.2E+15,2024-06-06T13:23:08
CAMS,INE596I01012,6/6/2024,BSE,EQ,A,sell,FALSE,1,3430.050049,161378300,1.71766E+18,2024-06-06T13:23:11
MAPMYINDIA,INE0BV301023,6/6/2024,NSE,EQ,EQ,buy,FALSE,1,1963.300049,48603959,1.2E+15,2024-06-06T13:23:15
MAPMYINDIA,INE0BV301023,6/6/2024,NSE,EQ,EQ,buy,FALSE,6,1963.300049,48603960,1.2E+15,2024-06-06T13:23:15
MAPMYINDIA,INE0BV301023,6/6/2024,NSE,EQ,EQ,buy,FALSE,3,1963.349976,48603961,1.2E+15,2024-06-06T13:23:15
TEJASNET,INE010J01012,6/6/2024,NSE,EQ,EQ,buy,FALSE,7,1159,67832755,1.3E+15,2024-06-06T13:23:19
TEJASNET,INE010J01012,6/6/2024,NSE,EQ,EQ,buy,FALSE,3,1159.5,67832757,1.3E+15,2024-06-06T13:23:19
TEJASNET,INE010J01012,6/6/2024,NSE,EQ,EQ,buy,FALSE,2,1159.449951,67832756,1.3E+15,2024-06-06T13:23:19
TEJASNET,INE010J01012,6/6/2024,NSE,EQ,EQ,buy,FALSE,7,1159,67832754,1.3E+15,2024-06-06T13:23:19
CAMS,INE596I01012,6/6/2024,BSE,EQ,A,buy,FALSE,1,3437.050049,161439300,1.71766E+18,2024-06-06T13:23:22
GMRINFRA,INE776C01039,6/6/2024,BSE,EQ,A,buy,FALSE,160,83.699997,13188800,1.71766E+18,2024-06-06T13:23:26
DCMSRIND,INE843D01027,6/6/2024,NSE,EQ,EQ,buy,FALSE,1,205.699997,28654505,1.1E+15,2024-06-06T13:23:29
DCMSRIND,INE843D01027,6/6/2024,NSE,EQ,EQ,buy,FALSE,20,205.850006,28654507,1.1E+15,2024-06-06T13:23:29
DCMSRIND,INE843D01027,6/6/2024,NSE,EQ,EQ,buy,FALSE,1,205.699997,28654504,1.1E+15,2024-06-06T13:23:29
DCMSRIND,INE843D01027,6/6/2024,NSE,EQ,EQ,buy,FALSE,2,205.699997,28654506,1.1E+15,2024-06-06T13:23:29
DCMSRIND,INE843D01027,6/6/2024,NSE,EQ,EQ,buy,FALSE,6,205.850006,28654508,1.1E+15,2024-06-06T13:23:29
RVNL,INE415G01027,6/6/2024,BSE,EQ,A,buy,FALSE,60,370.350006,161483600,1.71766E+18,2024-06-06T13:23:33
MAPMYINDIA,INE0BV301023,6/6/2024,NSE,EQ,EQ,sell,FALSE,1,1961.599976,48610874,1.2E+15,2024-06-06T13:23:36
MAPMYINDIA,INE0BV301023,6/6/2024,NSE,EQ,EQ,buy,FALSE,1,1963.900024,48612097,1.2E+15,2024-06-06T13:23:40
PRAJIND,INE074A01025,6/6/2024,BSE,EQ,A,buy,FALSE,25,532.950012,161568600,1.71766E+18,2024-06-06T13:23:50
PRAJIND,INE074A01025,6/6/2024,BSE,EQ,A,buy,FALSE,15,533,161569000,1.71766E+18,2024-06-06T13:23:50
ZENTEC,INE251B01027,6/6/2024,BSE,EQ,A,buy,FALSE,15,924.900024,161582300,1.71766E+18,2024-06-06T13:23:53
HDFCBANK,INE040A01034,6/6/2024,NSE,EQ,EQ,buy,FALSE,20,1553.5,28662850,1.1E+15,2024-06-06T13:23:56
JIOFIN,INE758E01017,6/6/2024,NSE,EQ,EQ,buy,FALSE,123,349.25,48618453,1.2E+15,2024-06-06T13:24:00
JIOFIN,INE758E01017,6/6/2024,NSE,EQ,EQ,buy,FALSE,47,349.25,48618454,1.2E+15,2024-06-06T13:24:00
NHPC,INE848E01016,6/6/2024,BSE,EQ,A,buy,FALSE,120,101.949997,10053600,1.71766E+18,2024-06-06T13:24:02
HAPPSTMNDS,INE419U01012,6/6/2024,BSE,EQ,A,buy,FALSE,20,801.950012,161634200,1.71766E+18,2024-06-06T13:24:05
HAPPSTMNDS,INE419U01012,6/6/2024,BSE,EQ,A,buy,FALSE,10,802,161634400,1.71766E+18,2024-06-06T13:24:05
EXIDEIND,INE302A01020,6/6/2024,NSE,EQ,EQ,buy,FALSE,43,515,28667444,1.1E+15,2024-06-06T13:24:08
EXIDEIND,INE302A01020,6/6/2024,NSE,EQ,EQ,buy,FALSE,22,515,28667445,1.1E+15,2024-06-06T13:24:08
MAHABANK,INE457A01014,6/6/2024,NSE,EQ,EQ,buy,FALSE,4,66.050003,48622139,1.2E+15,2024-06-06T13:24:12
MAHABANK,INE457A01014,6/6/2024,NSE,EQ,EQ,buy,FALSE,196,66.050003,48622140,1.2E+15,2024-06-06T13:24:12
IRCTC,INE335Y01020,6/6/2024,NSE,EQ,EQ,buy,FALSE,8,972.75,28669365,1.1E+15,2024-06-06T13:24:15
IRCTC,INE335Y01020,6/6/2024,NSE,EQ,EQ,buy,FALSE,2,972.75,28669364,1.1E+15,2024-06-06T13:24:15
IRFC,INE053F01010,6/6/2024,BSE,EQ,A,buy,FALSE,120,173.300003,161720700,1.71766E+18,2024-06-06T13:24:22
BHEL,INE257A01026,6/6/2024,NSE,EQ,EQ,buy,FALSE,10,281.299988,8092972,1E+15,2024-06-06T13:24:27
BHEL,INE257A01026,6/6/2024,NSE,EQ,EQ,buy,FALSE,5,281.299988,8092973,1E+15,2024-06-06T13:24:27
BHEL,INE257A01026,6/6/2024,NSE,EQ,EQ,buy,FALSE,85,281.299988,8092974,1E+15,2024-06-06T13:24:27
BEL,INE263A01024,6/6/2024,BSE,EQ,A,buy,FALSE,50,273.25,19292100,1.71766E+18,2024-06-06T13:24:32
TATAPOWER,INE245A01021,6/6/2024,NSE,EQ,EQ,buy,FALSE,130,429.75,67854489,1.3E+15,2024-06-06T13:24:35
NATIONALUM,INE139A01034,6/6/2024,NSE,EQ,EQ,buy,FALSE,17,180.300003,48631307,1.2E+15,2024-06-06T13:24:40
NATIONALUM,INE139A01034,6/6/2024,NSE,EQ,EQ,buy,FALSE,123,180.300003,48631308,1.2E+15,2024-06-06T13:24:40
GAIL,INE129A01019,6/6/2024,BSE,EQ,A,buy,FALSE,10,205.899994,10463400,1.71766E+18,2024-06-06T13:24:43
GAIL,INE129A01019,6/6/2024,BSE,EQ,A,buy,FALSE,200,205.850006,10463200,1.71766E+18,2024-06-06T13:24:43
HINDCOPPER,INE531E01026,6/6/2024,BSE,EQ,A,buy,FALSE,100,339.200012,16038300,1.71766E+18,2024-06-06T13:24:46
HINDCOPPER,INE531E01026,6/6/2024,BSE,EQ,A,buy,FALSE,50,339.25,16038500,1.71766E+18,2024-06-06T13:24:46
IREDA,INE202E01016,6/6/2024,BSE,EQ,B,buy,FALSE,125,178,15326300,1.71766E+18,2024-06-06T13:25:10
SAIL,INE114A01011,6/6/2024,BSE,EQ,A,buy,FALSE,70,148.199997,8874100,1.71766E+18,2024-06-06T13:25:15
AZAD,INE02IJ01035,6/6/2024,BSE,EQ,B,sell,FALSE,10,1520.449951,4386200,1.71766E+18,2024-06-06T13:41:25
AZAD,INE02IJ01035,6/6/2024,BSE,EQ,B,buy,FALSE,8,1523.5,4392900,1.71766E+18,2024-06-06T13:41:56
AZAD,INE02IJ01035,6/6/2024,BSE,EQ,B,buy,FALSE,2,1522.150024,4392700,1.71766E+18,2024-06-06T13:41:56
ECORECO,INE316A01038,6/7/2024,BSE,EQ,XT,buy,FALSE,10,539,806900,1.71773E+18,2024-06-07T09:18:53
ECORECO,INE316A01038,6/7/2024,BSE,EQ,XT,buy,FALSE,10,538.950012,806700,1.71773E+18,2024-06-07T09:18:53
AWHCL,INE01BK01022,6/7/2024,NSE,EQ,EQ,buy,FALSE,20,445,354330,1E+15,2024-06-07T09:19:05
ANDHRAPET,INE714B01016,6/7/2024,BSE,EQ,X,buy,FALSE,100,105,566800,1.71773E+18,2024-06-07T09:19:29
KPITTECH,INE04I401011,6/7/2024,BSE,EQ,A,buy,FALSE,6,1485.849976,13031900,1.71773E+18,2024-06-07T09:20:27
ECORECO,INE316A01038,6/7/2024,BSE,EQ,XT,buy,FALSE,5,520,3333600,1.71773E+18,2024-06-07T09:52:20
CDSL,INE736A01011,6/7/2024,NSE,EQ,EQ,buy,FALSE,1,2083.350098,1798527,1E+15,2024-06-07T09:58:28
CUBEXTUB,INE144D01012,6/7/2024,BSE,EQ,T,buy,FALSE,40,90.25,5389700,1.71773E+18,2024-06-07T10:55:11
IRCTC,INE335Y01020,6/7/2024,BSE,EQ,A,sell,FALSE,10,969.5,75028400,1.71774E+18,2024-06-07T11:02:48
INFY,INE009A01021,6/10/2024,NSE,EQ,EQ,buy,FALSE,5,1525.300049,24010443,1.1E+15,2024-06-10T09:07:31
HDFCBANK,INE040A01034,6/10/2024,NSE,EQ,EQ,sell,FALSE,1,1567.550049,28235705,1.1E+15,2024-06-10T11:07:16
HDFCBANK,INE040A01034,6/10/2024,NSE,EQ,EQ,sell,FALSE,1,1567.5,28235708,1.1E+15,2024-06-10T11:07:16
HDFCBANK,INE040A01034,6/10/2024,NSE,EQ,EQ,sell,FALSE,1,1567.550049,28235702,1.1E+15,2024-06-10T11:07:16
HDFCBANK,INE040A01034,6/10/2024,NSE,EQ,EQ,sell,FALSE,1,1567.550049,28235706,1.1E+15,2024-06-10T11:07:16
HDFCBANK,INE040A01034,6/10/2024,NSE,EQ,EQ,sell,FALSE,2,1567.550049,28235707,1.1E+15,2024-06-10T11:07:16
HDFCBANK,INE040A01034,6/10/2024,NSE,EQ,EQ,sell,FALSE,1,1567.550049,28235704,1.1E+15,2024-06-10T11:07:16
HDFCBANK,INE040A01034,6/10/2024,NSE,EQ,EQ,sell,FALSE,2,1567.400024,28235709,1.1E+15,2024-06-10T11:07:16
HDFCBANK,INE040A01034,6/10/2024,NSE,EQ,EQ,sell,FALSE,10,1567.550049,28235701,1.1E+15,2024-06-10T11:07:16
HDFCBANK,INE040A01034,6/10/2024,NSE,EQ,EQ,sell,FALSE,1,1567.550049,28235703,1.1E+15,2024-06-10T11:07:16
IDEA,INE669E01016,6/10/2024,NSE,EQ,EQ,buy,FALSE,300,15.9,96357020,1.4E+15,2024-06-10T14:15:50
HCC,INE549A01026,6/11/2024,NSE,EQ,EQ,buy,FALSE,120,42.490002,26076501,1.1E+15,2024-06-11T09:38:46
IDEA,INE669E01016,6/11/2024,BSE,EQ,A,buy,FALSE,100,16.139999,13028300,1.71809E+18,2024-06-11T13:15:30
IDEA,INE669E01016,6/11/2024,BSE,EQ,A,buy,FALSE,600,16.190001,13079400,1.71809E+18,2024-06-11T13:16:31
IRB,INE821I01022,6/12/2024,NSE,EQ,EQ,buy,FALSE,50,67.309998,34514795,1.1E+15,2024-06-12T15:26:13
IRB,INE821I01022,6/12/2024,NSE,EQ,EQ,buy,FALSE,15,67.330002,34526903,1.1E+15,2024-06-12T15:26:31
IRB,INE821I01022,6/14/2024,BSE,EQ,A,buy,FALSE,15,67.209999,4655900,1.71834E+18,2024-06-14T10:42:24
MOSCHIP,INE935B01025,6/14/2024,BSE,EQ,B,buy,FALSE,30,200.5,19367000,1.71834E+18,2024-06-14T11:04:24
SPELS,INE252A01019,6/14/2024,BSE,EQ,XT,buy,FALSE,1,140.899994,8370300,1.71834E+18,2024-06-14T11:55:33
SPELS,INE252A01019,6/14/2024,BSE,EQ,XT,buy,FALSE,9,140.899994,8370900,1.71834E+18,2024-06-14T11:55:37
SAIL,INE114A01011,6/14/2024,NSE,EQ,EQ,buy,FALSE,8,150.929993,77014128,1.3E+15,2024-06-14T11:56:32
ANDHRAPET,INE714B01016,6/19/2024,BSE,EQ,X,sell,FALSE,50,115.800003,301555400,1.71877E+18,2024-06-19T09:22:41
ANDHRAPET,INE714B01016,6/19/2024,BSE,EQ,X,sell,FALSE,50,115.5,301555600,1.71877E+18,2024-06-19T09:22:41
NHPC,INE848E01016,6/19/2024,BSE,EQ,A,sell,FALSE,120,101.5,300931800,1.71877E+18,2024-06-19T09:23:39
ASHOKLEY,INE208A01029,6/19/2024,NSE,EQ,EQ,sell,FALSE,20,236.899994,730082,1E+15,2024-06-19T09:25:12
AMBUJACEM,INE079A01024,6/19/2024,NSE,EQ,EQ,sell,FALSE,10,663.599976,993372,1E+15,2024-06-19T09:29:14
GMRINFRA,INE776C01039,6/19/2024,NSE,EQ,EQ,sell,FALSE,160,97.160004,25511132,1.1E+15,2024-06-19T09:29:31
IDFCFIRSTB,INE092T01019,6/20/2024,BSE,EQ,A,buy,FALSE,100,83.220001,6330400,1.71886E+18,2024-06-20T11:31:45
OSWALGREEN,INE143A01010,6/20/2024,NSE,EQ,EQ,buy,FALSE,1,38.790001,4456825,1E+15,2024-06-20T12:04:02
OSWALGREEN,INE143A01010,6/20/2024,NSE,EQ,EQ,buy,FALSE,165,38.790001,4456826,1E+15,2024-06-20T12:04:02
OSWALGREEN,INE143A01010,6/20/2024,NSE,EQ,EQ,buy,FALSE,34,38.799999,4456827,1E+15,2024-06-20T12:04:02
SAIL,INE114A01011,6/24/2024,BSE,EQ,A,buy,FALSE,12,150,3045100,1.7192E+18,2024-06-24T09:49:52
SPELS,INE252A01019,6/24/2024,BSE,EQ,X,buy,FALSE,30,176.800003,6670700,1.7192E+18,2024-06-24T10:15:28
IRB,INE821I01022,6/25/2024,BSE,EQ,A,buy,FALSE,20,66.839996,3149500,1.71929E+18,2024-06-25T09:41:20
CDSL,INE736A01011,6/25/2024,NSE,EQ,EQ,buy,FALSE,4,2045.800049,1308899,1E+15,2024-06-25T09:41:35
MAHSEAMLES,INE271B01025,6/26/2024,NSE,EQ,EQ,buy,FALSE,1,655.799988,50125897,1.2E+15,2024-06-26T10:01:00
NFL,INE870D01012,7/1/2024,NSE,EQ,EQ,buy,FALSE,30,130.25,48512927,1.2E+15,2024-07-01T09:20:07
UPL,INE628A01036,7/2/2024,BSE,EQ,A,buy,FALSE,10,576.299988,2059200,1.71989E+18,2024-07-02T10:43:14
PDMJEPAPER,INE865T01018,7/3/2024,NSE,EQ,EQ,buy,FALSE,14,130.559998,49499309,1.2E+15,2024-07-03T09:39:46
PDMJEPAPER,INE865T01018,7/3/2024,NSE,EQ,EQ,buy,FALSE,1,130.550003,49499308,1.2E+15,2024-07-03T09:39:46
OSWALGREEN,INE143A01010,7/3/2024,BSE,EQ,B,buy,FALSE,50,36.860001,344300,1.71998E+18,2024-07-03T09:40:15
OSWALGREEN,INE143A01010,7/3/2024,BSE,EQ,B,sell,FALSE,200,36.57,392100,1.71998E+18,2024-07-03T09:43:26
HERITGFOOD,INE978A01027,7/3/2024,NSE,EQ,EQ,buy,FALSE,10,563.099976,26184279,1.1E+15,2024-07-03T09:48:17
IDFCFIRSTB,INE092T01019,7/3/2024,BSE,EQ,A,buy,FALSE,50,78.849998,2089000,1.71998E+18,2024-07-03T09:49:42
OSWALGREEN,INE143A01010,7/3/2024,BSE,EQ,B,sell,FALSE,2,36.560001,495600,1.71998E+18,2024-07-03T09:55:12
OSWALGREEN,INE143A01010,7/3/2024,BSE,EQ,B,sell,FALSE,43,36.540001,496000,1.71998E+18,2024-07-03T09:55:12
OSWALGREEN,INE143A01010,7/3/2024,BSE,EQ,B,sell,FALSE,5,36.549999,495800,1.71998E+18,2024-07-03T09:55:12
SAIL,INE114A01011,7/5/2024,NSE,EQ,EQ,buy,FALSE,10,155.5,77241120,1.3E+15,2024-07-05T11:45:05
IREDA,INE202E01016,7/8/2024,NSE,EQ,EQ,sell,FALSE,8,245,204448894,1.1E+15,2024-07-08T10:19:46
IREDA,INE202E01016,7/8/2024,NSE,EQ,EQ,sell,FALSE,10,245,204448893,1.1E+15,2024-07-08T10:19:46
IREDA,INE202E01016,7/8/2024,NSE,EQ,EQ,sell,FALSE,107,244.949997,204448895,1.1E+15,2024-07-08T10:19:46
IREDA,INE202E01016,7/8/2024,NSE,EQ,EQ,buy,FALSE,31,242.960007,209499086,1.1E+15,2024-07-08T13:16:29
IREDA,INE202E01016,7/8/2024,NSE,EQ,EQ,buy,FALSE,69,242.960007,209499087,1.1E+15,2024-07-08T13:16:29
IREDA,INE202E01016,7/8/2024,NSE,EQ,EQ,buy,FALSE,25,243.550003,209519241,1.1E+15,2024-07-08T13:17:20
PDMJEPAPER,INE865T01018,7/16/2024,NSE,EQ,EQ,buy,FALSE,10,125.669998,403527577,1.2E+15,2024-07-16T10:33:29
JIOFIN,INE758E01017,7/16/2024,NSE,EQ,EQ,buy,FALSE,1,348.299988,403542909,1.2E+15,2024-07-16T10:33:59
IREDA,INE202E01016,7/18/2024,BSE,EQ,B,sell,FALSE,125,261.799988,3767000,1.72127E+18,2024-07-18T09:15:47
NFL,INE870D01012,7/23/2024,BSE,EQ,A,buy,FALSE,30,161.399994,86195900,1.72171E+18,2024-07-23T11:18:54
MAPMYINDIA,INE0BV301023,7/23/2024,BSE,EQ,A,sell,FALSE,10,2410.550049,228567600,1.72172E+18,2024-07-23T13:01:07
IRCON,INE962Y01021,7/23/2024,BSE,EQ,A,sell,FALSE,50,292.950012,251038400,1.72172E+18,2024-07-23T13:36:26
MAPMYINDIA,INE0BV301023,7/23/2024,BSE,EQ,A,buy,FALSE,10,2482,290860800,1.72173E+18,2024-07-23T14:45:39
AWHCL,INE01BK01022,7/24/2024,NSE,EQ,EQ,sell,FALSE,20,784.150024,4132631,1E+15,2024-07-24T11:24:43
BSE,INE118H01025,7/24/2024,NSE,EQ,EQ,sell,FALSE,5,2399.100098,4135238,1E+15,2024-07-24T11:24:51
HCC,INE549A01026,7/24/2024,BSE,EQ,A,sell,FALSE,120,50.619999,98943400,1.7218E+18,2024-07-24T11:24:56
TEJASNET,INE010J01012,7/24/2024,BSE,EQ,A,sell,FALSE,7,1324.699951,99077400,1.7218E+18,2024-07-24T11:25:18
TEJASNET,INE010J01012,7/24/2024,BSE,EQ,A,sell,FALSE,12,1324.75,99077200,1.7218E+18,2024-07-24T11:25:18
HFCL,INE548A01028,7/24/2024,BSE,EQ,A,sell,FALSE,120,116.349998,99167600,1.7218E+18,2024-07-24T11:25:33
DCMSRIND,INE843D01027,7/24/2024,BSE,EQ,B,sell,FALSE,28,219.899994,2688000,1.72179E+18,2024-07-24T11:25:36
DCMSRIND,INE843D01027,7/24/2024,BSE,EQ,B,sell,FALSE,2,220.050003,2687600,1.72179E+18,2024-07-24T11:25:36
SAIL,INE114A01011,7/24/2024,BSE,EQ,A,sell,FALSE,100,145.600006,2795300,1.7218E+18,2024-07-24T11:25:41
HERITGFOOD,INE978A01027,7/24/2024,NSE,EQ,EQ,sell,FALSE,8,596.799988,205531865,1.1E+15,2024-07-24T11:26:04
HERITGFOOD,INE978A01027,7/24/2024,NSE,EQ,EQ,sell,FALSE,1,596.849976,205531864,1.1E+15,2024-07-24T11:26:04
HERITGFOOD,INE978A01027,7/24/2024,NSE,EQ,EQ,sell,FALSE,20,596.849976,205531863,1.1E+15,2024-07-24T11:26:04
HERITGFOOD,INE978A01027,7/24/2024,NSE,EQ,EQ,sell,FALSE,1,596.849976,205531862,1.1E+15,2024-07-24T11:26:04
CDSL,INE736A01011,7/24/2024,NSE,EQ,EQ,sell,FALSE,1,2392.300049,4164123,1E+15,2024-07-24T11:26:08
CDSL,INE736A01011,7/24/2024,NSE,EQ,EQ,sell,FALSE,9,2392.25,4164124,1E+15,2024-07-24T11:26:08
ZENTEC,INE251B01027,7/24/2024,BSE,EQ,A,sell,FALSE,5,1453.599976,99398000,1.7218E+18,2024-07-24T11:26:13
ZENTEC,INE251B01027,7/24/2024,BSE,EQ,A,sell,FALSE,5,1453.699951,99397800,1.7218E+18,2024-07-24T11:26:13
ZENTEC,INE251B01027,7/24/2024,BSE,EQ,A,sell,FALSE,2,1453.75,99397600,1.7218E+18,2024-07-24T11:26:13
ZENTEC,INE251B01027,7/24/2024,BSE,EQ,A,sell,FALSE,3,1453.949951,99397400,1.7218E+18,2024-07-24T11:26:13
KPITTECH,INE04I401011,7/24/2024,BSE,EQ,A,sell,FALSE,2,1830.699951,99424500,1.7218E+18,2024-07-24T11:26:17
KPITTECH,INE04I401011,7/24/2024,BSE,EQ,A,sell,FALSE,1,1830.75,99424300,1.7218E+18,2024-07-24T11:26:17
KPITTECH,INE04I401011,7/24/2024,BSE,EQ,A,sell,FALSE,7,1830.599976,99424700,1.7218E+18,2024-07-24T11:26:17
SPELS,INE252A01019,7/24/2024,BSE,EQ,X,sell,FALSE,40,236.050003,13819200,1.72179E+18,2024-07-24T11:26:21
HAPPSTMNDS,INE419U01012,7/24/2024,NSE,EQ,EQ,sell,FALSE,30,826.5,205540527,1.1E+15,2024-07-24T11:26:25
AZAD,INE02IJ01035,7/24/2024,NSE,EQ,EQ,sell,FALSE,3,1612.5,4170840,1E+15,2024-07-24T11:26:29
AZAD,INE02IJ01035,7/24/2024,NSE,EQ,EQ,sell,FALSE,2,1612.5,4170841,1E+15,2024-07-24T11:26:29
AZAD,INE02IJ01035,7/24/2024,NSE,EQ,EQ,sell,FALSE,5,1612.5,4170842,1E+15,2024-07-24T11:26:29
CAMS,INE596I01012,7/24/2024,BSE,EQ,A,sell,FALSE,2,4087.100098,99684500,1.7218E+18,2024-07-24T11:27:06
PRAJIND,INE074A01025,7/24/2024,NSE,EQ,EQ,sell,FALSE,16,707.400024,405173549,1.2E+15,2024-07-24T11:27:23
PRAJIND,INE074A01025,7/24/2024,NSE,EQ,EQ,sell,FALSE,6,707.400024,405173548,1.2E+15,2024-07-24T11:27:23
PRAJIND,INE074A01025,7/24/2024,NSE,EQ,EQ,sell,FALSE,2,707.450012,405173547,1.2E+15,2024-07-24T11:27:23
PRAJIND,INE074A01025,7/24/2024,NSE,EQ,EQ,sell,FALSE,2,707.450012,405173546,1.2E+15,2024-07-24T11:27:23
PRAJIND,INE074A01025,7/24/2024,NSE,EQ,EQ,sell,FALSE,14,707.5,405173545,1.2E+15,2024-07-24T11:27:23
NATIONALUM,INE139A01034,7/24/2024,BSE,EQ,A,sell,FALSE,140,186.649994,2515300,1.7218E+18,2024-07-24T11:27:28
INFY,INE009A01021,7/24/2024,BSE,EQ,A,sell,FALSE,5,1838,7590600,1.7218E+18,2024-07-24T11:27:52
MAPMYINDIA,INE0BV301023,7/24/2024,NSE,EQ,EQ,sell,FALSE,10,2392.350098,405195278,1.2E+15,2024-07-24T11:28:11
EXIDEIND,INE302A01020,7/24/2024,NSE,EQ,EQ,sell,FALSE,65,542.5,205618549,1.1E+15,2024-07-24T11:29:12
HAL,INE066F01020,7/24/2024,NSE,EQ,EQ,sell,FALSE,1,4850.25,205622922,1.1E+15,2024-07-24T11:29:18
MAHABANK,INE457A01014,7/24/2024,NSE,EQ,EQ,sell,FALSE,195,65.379997,405227049,1.2E+15,2024-07-24T11:29:28
MAHABANK,INE457A01014,7/24/2024,NSE,EQ,EQ,sell,FALSE,5,65.379997,405227048,1.2E+15,2024-07-24T11:29:28
ITBEES,INF204KB15V2,7/24/2024,NSE,EQ,EQ,sell,FALSE,1000,42.959999,405885197,1.2E+15,2024-07-24T11:58:06
RVNL,INE415G01027,7/25/2024,NSE,EQ,EQ,sell,FALSE,30,578.200012,610015826,1.3E+15,2024-07-25T15:01:37
HITECH,INE106T01025,7/26/2024,NSE,EQ,EQ,buy,FALSE,40,154.199997,203310407,1.1E+15,2024-07-26T10:15:50
AWL,INE699H01024,8/5/2024,NSE,EQ,EQ,sell,FALSE,15,377.399994,5851948,1E+15,2024-08-05T11:19:23
HINDCOPPER,INE531E01026,8/6/2024,BSE,EQ,A,buy,FALSE,10,295.75,626300,1.72292E+18,2024-08-06T09:18:50
MAPMYINDIA,INE0BV301023,8/6/2024,NSE,EQ,EQ,buy,FALSE,5,2229.850098,400950953,1.2E+15,2024-08-06T09:24:35
MAPMYINDIA,INE0BV301023,8/6/2024,NSE,EQ,EQ,buy,FALSE,2,2230.350098,400950956,1.2E+15,2024-08-06T09:24:35
MAPMYINDIA,INE0BV301023,8/6/2024,NSE,EQ,EQ,buy,FALSE,2,2230.300049,400950955,1.2E+15,2024-08-06T09:24:35
MAPMYINDIA,INE0BV301023,8/6/2024,NSE,EQ,EQ,buy,FALSE,1,2230.199951,400950954,1.2E+15,2024-08-06T09:24:35
IRB,INE821I01022,8/8/2024,BSE,EQ,A,buy,FALSE,100,63.73,2015200,1.72309E+18,2024-08-08T10:04:32
IDFCFIRSTB,INE092T01019,8/8/2024,NSE,EQ,EQ,buy,FALSE,50,72.470001,207138413,1.1E+15,2024-08-08T13:18:38
TATAPOWER,INE245A01021,8/9/2024,BSE,EQ,A,buy,FALSE,20,423.549988,525600,1.72317E+18,2024-08-09T09:23:35
PDMJEPAPER,INE865T01018,8/9/2024,NSE,EQ,EQ,buy,FALSE,25,113.190002,400755915,1.2E+15,2024-08-09T09:25:00
JIOFIN,INE758E01017,8/9/2024,BSE,EQ,A,buy,FALSE,9,328.950012,24861100,1.72318E+18,2024-08-09T09:25:26
NFL,INE870D01012,8/9/2024,NSE,EQ,EQ,buy,FALSE,40,138.5,401183541,1.2E+15,2024-08-09T09:33:09
NETWEB,INE0NT901020,8/9/2024,NSE,EQ,EQ,buy,FALSE,1,2270.050049,406743640,1.2E+15,2024-08-09T13:15:50
ADSL,INE102I01027,8/9/2024,NSE,EQ,EQ,buy,FALSE,12,209.009995,5592022,1E+15,2024-08-09T13:36:25
ADSL,INE102I01027,8/9/2024,NSE,EQ,EQ,buy,FALSE,1,209.009995,5592021,1E+15,2024-08-09T13:36:25
ADSL,INE102I01027,8/9/2024,NSE,EQ,EQ,buy,FALSE,12,209.009995,5592023,1E+15,2024-08-09T13:36:25
MAHSEAMLES,INE271B01025,8/12/2024,BSE,EQ,A,buy,FALSE,9,590.849976,5499100,1.72345E+18,2024-08-12T14:52:31
HERITGFOOD,INE978A01027,8/13/2024,NSE,EQ,EQ,buy,FALSE,30,553,201365362,1.1E+15,2024-08-13T09:31:20
BEL,INE263A01024,8/13/2024,BSE,EQ,A,buy,FALSE,15,300.299988,3212500,1.72352E+18,2024-08-13T10:29:20
CDSL,INE736A01011,8/19/2024,NSE,EQ,EQ,buy,FALSE,1,2879.949951,2268478,1E+15,2024-08-19T10:21:01
JYOTISTRUC,INE197A01024,8/22/2024,BSE,EQ,B,sell,FALSE,200,27.719999,27971400,1.7243E+18,2024-08-22T10:19:00
AWHCL,INE01BK01022,8/22/2024,NSE,EQ,EQ,buy,FALSE,5,745.950012,2781018,1E+15,2024-08-22T10:45:37
CDSL,INE736A01011,8/23/2024,NSE,EQ,EQ,buy,FALSE,4,1506.800049,2131315,1E+15,2024-08-23T10:16:24
CDSL,INE736A01011,8/23/2024,NSE,EQ,EQ,buy,FALSE,12,1506.800049,2131316,1E+15,2024-08-23T10:16:24
CDSL,INE736A01011,8/23/2024,NSE,EQ,EQ,buy,FALSE,4,1506.5,2131314,1E+15,2024-08-23T10:16:24
IRB,INE821I01022,8/26/2024,NSE,EQ,EQ,buy,FALSE,50,65.339996,200066557,1.1E+15,2024-08-26T09:15:06
ADSL,INE102I01027,8/27/2024,NSE,EQ,EQ,buy,FALSE,20,246.009995,810706,1E+15,2024-08-27T09:32:53
HERITGFOOD,INE978A01027,8/27/2024,NSE,EQ,EQ,buy,FALSE,10,546.400024,201036615,1.1E+15,2024-08-27T09:33:44
NFL,INE870D01012,8/27/2024,NSE,EQ,EQ,buy,FALSE,20,141.600006,401340676,1.2E+15,2024-08-27T09:34:07
ADSL,INE102I01027,8/27/2024,NSE,EQ,EQ,buy,FALSE,11,243.470001,1290587,1E+15,2024-08-27T09:50:07
ADSL,INE102I01027,8/27/2024,NSE,EQ,EQ,buy,FALSE,4,243.470001,1290586,1E+15,2024-08-27T09:50:07
UPL,INE628A01036,8/27/2024,NSE,EQ,EQ,sell,FALSE,10,586.75,601796888,1.3E+15,2024-08-27T09:53:29
AWHCL,INE01BK01022,8/29/2024,BSE,EQ,B,buy,FALSE,5,712.299988,225900,1.7249E+18,2024-08-29T09:17:29
AWHCL,INE01BK01022,8/29/2024,BSE,EQ,B,buy,FALSE,10,712.25,225700,1.7249E+18,2024-08-29T09:17:29
AWHCL,INE01BK01022,8/29/2024,BSE,EQ,B,buy,FALSE,10,710,788100,1.7249E+18,2024-08-29T09:18:03
CDSL,INE736A01011,8/29/2024,NSE,EQ,EQ,buy,FALSE,2,1454.300049,393116,1E+15,2024-08-29T09:21:42
CDSL,INE736A01011,8/29/2024,NSE,EQ,EQ,buy,FALSE,6,1454.300049,393115,1E+15,2024-08-29T09:21:42
BEL,INE263A01024,8/29/2024,BSE,EQ,A,buy,FALSE,15,299.899994,3415200,1.7249E+18,2024-08-29T09:30:55
BEL,INE263A01024,8/29/2024,BSE,EQ,A,buy,FALSE,15,294.799988,10973400,1.72491E+18,2024-08-29T12:20:09
AWHCL,INE01BK01022,8/29/2024,BSE,EQ,B,buy,FALSE,15,693,4341800,1.72491E+18,2024-08-29T12:31:32
BEL,INE263A01024,8/30/2024,NSE,EQ,EQ,buy,FALSE,15,294.899994,2081977,1E+15,2024-08-30T10:21:07
IDEA,INE669E01016,8/30/2024,BSE,EQ,A,buy,FALSE,100,15.62,15056100,1.72501E+18,2024-08-30T15:11:31
ZENTEC,INE251B01027,9/2/2024,NSE,EQ,EQ,buy,FALSE,1,1689.349976,603377093,1.3E+15,2024-09-02T10:36:55
CDSL,INE736A01011,9/2/2024,NSE,EQ,EQ,buy,FALSE,1,1418.5,2511928,1E+15,2024-09-02T10:37:37
CDSL,INE736A01011,9/2/2024,NSE,EQ,EQ,buy,FALSE,4,1419.400024,2543545,1E+15,2024-09-02T10:39:15
MOSCHIP,INE935B01025,9/2/2024,BSE,EQ,T,buy,FALSE,10,240,3992300,1.72525E+18,2024-09-02T15:12:26
MAPMYINDIA,INE0BV301023,9/10/2024,NSE,EQ,EQ,buy,FALSE,2,2019,403258903,1.2E+15,2024-09-10T10:25:35
ZENTEC,INE251B01027,9/10/2024,NSE,EQ,EQ,buy,FALSE,4,1602.050049,603672275,1.3E+15,2024-09-10T10:56:31
AWHCL,INE01BK01022,9/10/2024,NSE,EQ,EQ,buy,FALSE,5,686.700012,2525793,1E+15,2024-09-10T10:56:46
CDSL,INE736A01011,9/10/2024,NSE,EQ,EQ,buy,FALSE,5,1359.75,2530273,1E+15,2024-09-10T10:57:03
IDEA,INE669E01016,9/10/2024,BSE,EQ,A,buy,FALSE,100,13.54,9046900,1.72595E+18,2024-09-10T12:10:54
AXISBANK,INE238A01034,9/13/2024,NSE,EQ,EQ,buy,FALSE,10,1205.800049,210866,1E+15,2024-09-13T09:17:47
AXISBANK,INE238A01034,9/13/2024,NSE,EQ,EQ,buy,FALSE,10,1203.5,421567,1E+15,2024-09-13T09:22:20
BAJAJHFL,INE377Y01014,9/17/2024,NSE,EQ,EQ,buy,FALSE,50,180.899994,3843036,1E+15,2024-09-17T11:12:33
AWHCL,INE01BK01022,9/19/2024,NSE,EQ,EQ,buy,FALSE,3,681.450012,9764981,1E+15,2024-09-19T15:02:12
AWHCL,INE01BK01022,9/19/2024,NSE,EQ,EQ,buy,FALSE,2,681.450012,9764980,1E+15,2024-09-19T15:02:12
BAJAJHFL,INE377Y01014,9/20/2024,NSE,EQ,EQ,buy,FALSE,10,165.100006,3606552,1E+15,2024-09-20T11:09:32
IDFCFIRSTB,INE092T01019,9/20/2024,NSE,EQ,EQ,buy,FALSE,28,73.790001,204732019,1.1E+15,2024-09-20T11:13:12
IDFCFIRSTB,INE092T01019,9/20/2024,NSE,EQ,EQ,buy,FALSE,1,73.790001,204732017,1.1E+15,2024-09-20T11:13:12
IDFCFIRSTB,INE092T01019,9/20/2024,NSE,EQ,EQ,buy,FALSE,1,73.790001,204732018,1.1E+15,2024-09-20T11:13:12
BAJAJHFL,INE377Y01014,9/25/2024,NSE,EQ,EQ,buy,FALSE,10,156.470001,1494745,1E+15,2024-09-25T09:55:55
ECORECO,INE316A01038,9/26/2024,BSE,EQ,XT,buy,FALSE,5,934.900024,12465100,1.72732E+18,2024-09-26T12:12:33
IRFC,INE053F01010,9/26/2024,NSE,EQ,EQ,buy,FALSE,20,157.300003,206254506,1.1E+15,2024-09-26T13:18:24
CDSL,INE736A01011,10/3/2024,NSE,EQ,EQ,buy,FALSE,10,1416,8345750,1E+15,2024-10-03T14:46:18
IDFCFIRSTB,INE092T01019,10/3/2024,NSE,EQ,EQ,buy,FALSE,20,71.739998,210069722,1.1E+15,2024-10-03T14:47:23
BAJAJHFL,INE377Y01014,10/3/2024,NSE,EQ,EQ,buy,FALSE,15,150.850006,8377636,1E+15,2024-10-03T14:47:49
NETWEB,INE0NT901020,10/4/2024,BSE,EQ,A,buy,FALSE,1,2416.25,14037600,1.72801E+18,2024-10-04T09:18:31
IRFC,INE053F01010,10/4/2024,BSE,EQ,A,buy,FALSE,20,151.550003,15462200,1.72801E+18,2024-10-04T09:18:48
RVNL,INE415G01027,10/4/2024,NSE,EQ,EQ,buy,FALSE,10,493.950012,601869902,1.3E+15,2024-10-04T09:37:50
CDSL,INE736A01011,10/4/2024,NSE,EQ,EQ,buy,FALSE,10,1394,1410686,1E+15,2024-10-04T09:38:18
IREDA,INE202E01016,10/4/2024,BSE,EQ,B,buy,FALSE,10,222.800003,34998300,1.72803E+18,2024-10-04T14:22:58
IRFC,INE053F01010,10/7/2024,NSE,EQ,EQ,buy,FALSE,20,146.020004,206433705,1.1E+15,2024-10-07T11:36:50
ZENTEC,INE251B01027,10/7/2024,NSE,EQ,EQ,buy,FALSE,5,1603,605987445,1.3E+15,2024-10-07T11:37:02
IRB,INE821I01022,10/7/2024,NSE,EQ,EQ,buy,FALSE,30,56.630001,206453992,1.1E+15,2024-10-07T11:37:32
BAJAJHFL,INE377Y01014,10/8/2024,BSE,EQ,B,buy,FALSE,10,143.100006,7147500,1.72836E+18,2024-10-08T10:20:08
BAJAJHFL,INE377Y01014,10/8/2024,BSE,EQ,B,buy,FALSE,20,143.300003,7160900,1.72836E+18,2024-10-08T10:20:27
IRB,INE821I01022,10/8/2024,BSE,EQ,A,buy,FALSE,20,56.950001,2269700,1.72836E+18,2024-10-08T10:21:52
IDFCFIRSTB,INE092T01019,10/8/2024,NSE,EQ,EQ,buy,FALSE,30,72.839996,202948156,1.1E+15,2024-10-08T10:22:41
CDSL,INE736A01011,10/8/2024,NSE,EQ,EQ,buy,FALSE,10,1352.650024,3756175,1E+15,2024-10-08T11:43:05
NFL,INE870D01012,10/8/2024,BSE,EQ,A,buy,FALSE,10,117.800003,101091600,1.72837E+18,2024-10-08T11:54:51
SRESTHA,INE606K01049,10/10/2024,BSE,EQ,X,buy,FALSE,1000,0.89,10357900,1.72853E+18,2024-10-10T10:41:28
SRESTHA,INE606K01049,10/10/2024,BSE,EQ,X,buy,FALSE,500,0.89,11133900,1.72853E+18,2024-10-10T10:52:18
NFL,INE870D01012,10/11/2024,BSE,EQ,A,buy,FALSE,10,122.150002,79565200,1.72863E+18,2024-10-11T12:32:52
IRB,INE821I01022,10/11/2024,BSE,EQ,A,buy,FALSE,30,58.779999,2650100,1.72863E+18,2024-10-11T12:33:10
BAJAJHFL,INE377Y01014,10/11/2024,NSE,EQ,EQ,buy,FALSE,10,150.690002,3208505,1E+15,2024-10-11T12:33:32
IDFCFIRSTB,INE092T01019,10/11/2024,BSE,EQ,A,buy,FALSE,20,72.269997,4464600,1.72863E+18,2024-10-11T12:33:38
AERPACE,INE175N01023,10/14/2024,BSE,EQ,XT,buy,FALSE,5,48,5206700,1.72888E+18,2024-10-14T10:16:51
AERPACE,INE175N01023,10/14/2024,BSE,EQ,XT,buy,FALSE,95,48.200001,7152000,1.72888E+18,2024-10-14T10:20:00
HINDCOPPER,INE531E01026,10/15/2024,BSE,EQ,A,buy,FALSE,30,322.799988,104900,1.72896E+18,2024-10-15T09:16:36
SRESTHA,INE606K01049,10/15/2024,BSE,EQ,X,buy,FALSE,100,0.82,2027000,1.72896E+18,2024-10-15T09:22:38
MAHSEAMLES,INE271B01025,10/15/2024,BSE,EQ,A,sell,FALSE,10,614.75,630900,1.72896E+18,2024-10-15T09:57:37
EXICOM,INE777F01014,10/15/2024,NSE,EQ,EQ,buy,FALSE,25,337,201675136,1.1E+15,2024-10-15T10:00:01
BAJAJHFL,INE377Y01014,10/16/2024,BSE,EQ,B,buy,FALSE,15,143.149994,1241000,1.72905E+18,2024-10-16T09:31:43
NFL,INE870D01012,10/17/2024,NSE,EQ,EQ,buy,FALSE,20,117.989998,409663533,1.2E+15,2024-10-17T15:22:53
SRESTHA,INE606K01049,10/18/2024,BSE,EQ,X,buy,FALSE,800,0.8,10902500,1.72922E+18,2024-10-18T10:58:59
BAJAJHFL,INE377Y01014,10/22/2024,NSE,EQ,EQ,buy,FALSE,20,136.039993,5471027,1E+15,2024-10-22T13:01:50
SRESTHA,INE606K01049,10/22/2024,BSE,EQ,X,buy,FALSE,600,0.72,19352600,1.72957E+18,2024-10-22T13:02:19
IREDA,INE202E01016,10/22/2024,BSE,EQ,B,buy,FALSE,10,202,31016900,1.72958E+18,2024-10-22T13:03:32
HFCL,INE548A01028,10/22/2024,NSE,EQ,EQ,buy,FALSE,50,114.599998,210496234,1.1E+15,2024-10-22T15:12:07
IDFCFIRSTB,INE092T01019,10/23/2024,BSE,EQ,A,buy,FALSE,50,66.760002,5113900,1.72966E+18,2024-10-23T09:53:13
IREDA,INE202E01016,10/23/2024,NSE,EQ,EQ,buy,FALSE,10,193.300003,202740378,1.1E+15,2024-10-23T09:57:08
HINDCOPPER,INE531E01026,10/23/2024,NSE,EQ,EQ,buy,FALSE,10,292,202771519,1.1E+15,2024-10-23T09:57:54
IRFC,INE053F01010,10/23/2024,BSE,EQ,A,buy,FALSE,20,139.550003,75039900,1.72966E+18,2024-10-23T10:08:40
NFL,INE870D01012,10/23/2024,NSE,EQ,EQ,buy,FALSE,10,108.169998,403538024,1.2E+15,2024-10-23T10:08:57
SAREGAMA,INE979A01025,10/23/2024,NSE,EQ,EQ,buy,FALSE,10,512.299988,604014123,1.3E+15,2024-10-23T10:32:08
SRESTHA,INE606K01049,10/23/2024,BSE,EQ,X,buy,FALSE,100,0.69,8652200,1.72965E+18,2024-10-23T10:33:22
SAREGAMA,INE979A01025,10/25/2024,BSE,EQ,A,buy,FALSE,5,494.450012,8500300,1.72983E+18,2024-10-25T09:19:17
HINDCOPPER,INE531E01026,10/25/2024,BSE,EQ,A,buy,FALSE,10,288.5,152900,1.72983E+18,2024-10-25T09:19:57
SRESTHA,INE606K01049,10/25/2024,BSE,EQ,X,buy,FALSE,200,0.69,9932500,1.72983E+18,2024-10-25T10:55:50
HERITGFOOD,INE978A01027,10/25/2024,NSE,EQ,EQ,buy,FALSE,10,536.849976,205378191,1.1E+15,2024-10-25T11:03:25
PDMJEPAPER,INE865T01018,10/25/2024,BSE,EQ,B,buy,FALSE,1,105.099998,790900,1.72983E+18,2024-10-25T11:03:48
PDMJEPAPER,INE865T01018,10/25/2024,BSE,EQ,B,buy,FALSE,24,105.25,791100,1.72983E+18,2024-10-25T11:03:48
IDFCFIRSTB,INE092T01019,10/25/2024,BSE,EQ,A,buy,FALSE,50,65.400002,7115700,1.72983E+18,2024-10-25T11:04:49
NFL,INE870D01012,10/25/2024,NSE,EQ,EQ,buy,FALSE,10,103.68,405508743,1.2E+15,2024-10-25T11:18:27
SAREGAMA,INE979A01025,10/25/2024,BSE,EQ,A,buy,FALSE,5,483.950012,106145800,1.72984E+18,2024-10-25T11:19:18
HINDCOPPER,INE531E01026,10/25/2024,BSE,EQ,A,buy,FALSE,10,278.299988,3028300,1.72983E+18,2024-10-25T11:19:34
RELIANCE,INE002A01018,10/28/2024,NSE,EQ,EQ,buy,FALSE,10,1323.449951,601867363,1.3E+15,2024-10-28T09:44:43
IREDA,INE202E01016,10/28/2024,BSE,EQ,B,buy,FALSE,30,190.399994,8149100,1.73009E+18,2024-10-28T09:45:59
SAREGAMA,INE979A01025,10/28/2024,NSE,EQ,EQ,buy,FALSE,4,482.5,604691102,1.3E+15,2024-10-28T11:27:56
SAREGAMA,INE979A01025,10/28/2024,NSE,EQ,EQ,buy,FALSE,6,482.399994,604691101,1.3E+15,2024-10-28T11:27:56
TIPSFILMS,INE0LQS01015,10/28/2024,NSE,EQ,EQ,buy,FALSE,1,538.700012,604700300,1.3E+15,2024-10-28T11:28:28
TIPSMUSIC,INE716B01029,10/28/2024,NSE,EQ,EQ,buy,FALSE,1,826.400024,604701763,1.3E+15,2024-10-28T11:28:33
TIPSFILMS,INE0LQS01015,10/28/2024,NSE,EQ,EQ,sell,FALSE,1,531.799988,605245988,1.3E+15,2024-10-28T11:57:22
KPITTECH,INE04I401011,10/30/2024,NSE,EQ,EQ,buy,FALSE,4,1375,402043203,1.2E+15,2024-10-30T09:54:46
KPITTECH,INE04I401011,10/30/2024,NSE,EQ,EQ,buy,FALSE,2,1375,402043204,1.2E+15,2024-10-30T09:54:46
KPITTECH,INE04I401011,10/30/2024,NSE,EQ,EQ,buy,FALSE,4,1375,402043202,1.2E+15,2024-10-30T09:54:46
IRB,INE821I01022,10/31/2024,NSE,EQ,EQ,buy,FALSE,20,51.580002,205221528,1.1E+15,2024-10-31T12:45:27
NFL,INE870D01012,11/1/2024,NSE,EQ,EQ,buy,FALSE,20,112.400002,401504383,1.2E+15,2024-11-01T18:26:47
RUSHIL,INE573K01025,11/1/2024,NSE,EQ,EQ,buy,FALSE,30,37.32,601608546,1.3E+15,2024-11-01T18:28:56
EXICOM,INE777F01014,11/1/2024,BSE,EQ,B,buy,FALSE,1,324.5,16710700,1.73047E+18,2024-11-01T18:29:44
RUSHIL,INE573K01025,11/1/2024,NSE,EQ,EQ,buy,FALSE,10,37.200001,602004652,1.3E+15,2024-11-01T18:40:18
HINDCOPPER,INE531E01026,11/6/2024,BSE,EQ,A,buy,FALSE,10,299.149994,4193700,1.73088E+18,2024-11-06T14:28:51
HERITGFOOD,INE978A01027,11/6/2024,BSE,EQ,A,buy,FALSE,1,515.799988,124343700,1.73088E+18,2024-11-06T14:29:23
HERITGFOOD,INE978A01027,11/6/2024,BSE,EQ,A,buy,FALSE,4,515.900024,124343900,1.73088E+18,2024-11-06T14:29:23
RUSHIL,INE573K01025,11/6/2024,BSE,EQ,B,buy,FALSE,1,37.32,26083100,1.73088E+18,2024-11-06T14:29:41
RUSHIL,INE573K01025,11/6/2024,BSE,EQ,B,buy,FALSE,99,37.330002,26083300,1.73088E+18,2024-11-06T14:29:41
SRESTHA,INE606K01049,11/7/2024,BSE,EQ,X,buy,FALSE,300,0.67,6725400,1.73095E+18,2024-11-07T09:42:00
RPOWER,INE614G01033,11/7/2024,BSE,EQ,T,buy,FALSE,100,45.599998,2323100,1.73095E+18,2024-11-07T09:46:44
IDEA,INE669E01016,11/7/2024,BSE,EQ,A,sell,FALSE,1200,8.28,2346300,1.73095E+18,2024-11-07T09:48:20
RPOWER,INE614G01033,11/7/2024,BSE,EQ,T,buy,FALSE,100,45.639999,3764000,1.73095E+18,2024-11-07T09:48:59
ALFATRAN,INE209C01015,11/8/2024,BSE,EQ,X,buy,FALSE,30,158.550003,4122800,1.73104E+18,2024-11-08T09:42:58
RELIANCE,INE002A01018,11/8/2024,BSE,EQ,A,buy,FALSE,3,1283.599976,5702200,1.73105E+18,2024-11-08T11:28:22
SRESTHA,INE606K01049,11/8/2024,BSE,EQ,X,buy,FALSE,400,0.68,17372700,1.73104E+18,2024-11-08T12:34:00
JYOTI,INE511D01012,11/12/2024,BSE,EQ,X,buy,FALSE,10,126.75,3333900,1.73138E+18,2024-11-12T09:38:59
AWHCL,INE01BK01022,11/12/2024,NSE,EQ,EQ,buy,FALSE,2,667.900024,1677781,1E+15,2024-11-12T10:16:31
AWHCL,INE01BK01022,11/12/2024,NSE,EQ,EQ,buy,FALSE,3,667.75,1677780,1E+15,2024-11-12T10:16:31
HINDCOPPER,INE531E01026,11/12/2024,BSE,EQ,A,buy,FALSE,5,276.850006,1405100,1.73138E+18,2024-11-12T10:17:39
TIPSMUSIC,INE716B01029,11/13/2024,NSE,EQ,EQ,sell,FALSE,1,856.299988,603178373,1.3E+15,2024-11-13T10:23:00
SAREGAMA,INE979A01025,11/14/2024,BSE,EQ,A,buy,FALSE,4,479.850006,15727600,1.73156E+18,2024-11-14T09:24:08
HINDCOPPER,INE531E01026,11/14/2024,BSE,EQ,A,buy,FALSE,1,264.75,1917300,1.73156E+18,2024-11-14T10:37:45
HARDWYN,INE626Z01029,11/19/2024,NSE,EQ,EQ,buy,FALSE,100,35.5,200010005,1.1E+15,2024-11-19T09:00:03
JYOTI,INE511D01012,11/19/2024,BSE,EQ,X,buy,FALSE,10,111.300003,7125100,1.73199E+18,2024-11-19T10:07:51
SAREGAMA,INE979A01025,11/19/2024,NSE,EQ,EQ,buy,FALSE,6,480.899994,605284082,1.3E+15,2024-11-19T12:59:39
AWHCL,INE01BK01022,11/19/2024,BSE,EQ,B,buy,FALSE,3,637.549988,5262000,1.732E+18,2024-11-19T13:08:07
IRB,INE821I01022,11/19/2024,BSE,EQ,A,buy,FALSE,10,48.23,3712500,1.732E+18,2024-11-19T14:07:28
HARDWYN,INE626Z01029,11/21/2024,NSE,EQ,EQ,buy,FALSE,50,34.66,200870200,1.1E+15,2024-11-21T09:25:28
JYOTI,INE511D01012,11/21/2024,BSE,EQ,X,buy,FALSE,10,109.5,3539200,1.73216E+18,2024-11-21T09:32:01
CUBEXTUB,INE144D01012,11/21/2024,BSE,EQ,B,buy,FALSE,1,87.349998,28690000,1.73217E+18,2024-11-21T11:52:12
CUBEXTUB,INE144D01012,11/21/2024,BSE,EQ,B,buy,FALSE,9,87.449997,28690300,1.73217E+18,2024-11-21T11:52:12
EXICOM,INE777F01014,11/22/2024,BSE,EQ,B,buy,FALSE,4,272.649994,20627100,1.73225E+18,2024-11-22T11:14:39
KPITTECH,INE04I401011,11/25/2024,NSE,EQ,EQ,buy,FALSE,2,1367.599976,404873485,1.2E+15,2024-11-25T11:34:24
SAREGAMA,INE979A01025,11/25/2024,BSE,EQ,A,buy,FALSE,5,477.149994,87909300,1.73251E+18,2024-11-25T11:34:48
MAPMYINDIA,INE0BV301023,11/26/2024,NSE,EQ,EQ,buy,FALSE,2,1711.050049,402910801,1.2E+15,2024-11-26T10:40:56
MAPMYINDIA,INE0BV301023,11/26/2024,NSE,EQ,EQ,buy,FALSE,1,1711.449951,402914707,1.2E+15,2024-11-26T10:41:07
AWHCL,INE01BK01022,11/26/2024,NSE,EQ,EQ,buy,FALSE,6,618.700012,2575900,1E+15,2024-11-26T10:45:37
AWHCL,INE01BK01022,11/26/2024,NSE,EQ,EQ,buy,FALSE,1,618.700012,2575899,1E+15,2024-11-26T10:45:37
VPRPL,INE0AE001013,11/26/2024,NSE,EQ,EQ,buy,FALSE,20,275.399994,602833115,1.3E+15,2024-11-26T10:46:19
IREDA,INE202E01016,11/28/2024,NSE,EQ,EQ,buy,FALSE,20,203.940002,200225541,1.1E+15,2024-11-28T09:16:43
NTPCGREEN,INE0ONG01011,11/28/2024,NSE,EQ,EQ,buy,FALSE,10,124.279999,400488899,1.2E+15,2024-11-28T09:19:21
NTPCGREEN,INE0ONG01011,11/28/2024,NSE,EQ,EQ,buy,FALSE,10,118.489998,400743772,1.2E+15,2024-11-28T09:22:37
NTPCGREEN,INE0ONG01011,11/28/2024,NSE,EQ,EQ,buy,FALSE,5,118.989998,400760955,1.2E+15,2024-11-28T09:22:55
NTPCGREEN,INE0ONG01011,11/28/2024,NSE,EQ,EQ,buy,FALSE,5,119.080002,400837177,1.2E+15,2024-11-28T09:24:13
HINDCOPPER,INE531E01026,11/28/2024,NSE,EQ,EQ,buy,FALSE,4,280.399994,201535651,1.1E+15,2024-11-28T09:42:16
CUBEXTUB,INE144D01012,11/28/2024,BSE,EQ,B,buy,FALSE,2,88.150002,9051400,1.73277E+18,2024-11-28T09:43:50
CUBEXTUB,INE144D01012,11/28/2024,BSE,EQ,B,buy,FALSE,8,88.099998,9051200,1.73277E+18,2024-11-28T09:43:50
SRESTHA,INE606K01049,11/29/2024,BSE,EQ,X,buy,FALSE,300,0.59,1759200,1.73285E+18,2024-11-29T09:25:08
JYOTI,INE511D01012,11/29/2024,BSE,EQ,X,buy,FALSE,2,105.800003,1293200,1.73285E+18,2024-11-29T09:25:45
BAJAJHFL,INE377Y01014,12/2/2024,BSE,EQ,B,buy,FALSE,50,135,4624700,1.73312E+18,2024-12-02T12:17:24
HINDCOPPER,INE531E01026,12/2/2024,NSE,EQ,EQ,buy,FALSE,10,277.149994,205338572,1.1E+15,2024-12-02T12:38:06
TATACOMM,INE151A01013,12/4/2024,NSE,EQ,EQ,buy,FALSE,6,1807.900024,600317405,1.3E+15,2024-12-04T09:07:24
JYOTI,INE511D01012,12/4/2024,BSE,EQ,X,buy,FALSE,14,107.949997,4626600,1.73328E+18,2024-12-04T09:45:54
MOSCHIP,INE935B01025,12/4/2024,BSE,EQ,B,buy,FALSE,12,233.449997,7128100,1.73328E+18,2024-12-04T10:15:19
MAPMYINDIA,INE0BV301023,12/5/2024,BSE,EQ,A,sell,FALSE,15,1580.849976,452700,1.73337E+18,2024-12-05T09:00:00
ZOMATO,INE758T01015,12/5/2024,BSE,EQ,A,buy,FALSE,30,296.200012,46012900,1.73337E+18,2024-12-05T10:19:34
RELIANCE,INE002A01018,12/5/2024,BSE,EQ,A,buy,FALSE,2,1308.5,2657700,1.73337E+18,2024-12-05T10:20:52
NTPCGREEN,INE0ONG01011,12/5/2024,BSE,EQ,B,buy,FALSE,20,140.199997,5485100,1.73337E+18,2024-12-05T10:26:27
RATHIBAR,INE575I01016,12/5/2024,BSE,EQ,X,buy,FALSE,100,51.990002,6661800,1.73337E+18,2024-12-05T10:28:46
ALFATRAN,INE209C01015,12/5/2024,BSE,EQ,XT,buy,FALSE,10,134.949997,7549900,1.73337E+18,2024-12-05T10:38:10
WABAG,INE956G01038,12/5/2024,NSE,EQ,EQ,buy,FALSE,1,1844.300049,603635180,1.3E+15,2024-12-05T11:09:24
EVEXIA,INE313M01030,12/6/2024,BSE,EQ,X,buy,FALSE,250,4.19,799000,1.73346E+18,2024-12-06T09:15:37
JYOTI,INE511D01012,12/6/2024,BSE,EQ,X,buy,FALSE,2,102.900002,8372500,1.73346E+18,2024-12-06T10:38:00
EVEXIA,INE313M01030,12/9/2024,BSE,EQ,X,buy,FALSE,10,4.11,9481300,1.73372E+18,2024-12-09T10:08:59
HFCL,INE548A01028,12/10/2024,NSE,EQ,EQ,sell,FALSE,50,128.149994,202618462,1.1E+15,2024-12-10T10:09:24
NTPCGREEN,INE0ONG01011,12/10/2024,BSE,EQ,B,sell,FALSE,50,144.25,2553500,1.7338E+18,2024-12-10T10:14:23
JYOTI,INE511D01012,12/10/2024,BSE,EQ,X,buy,FALSE,12,106.900002,9752500,1.7338E+18,2024-12-10T10:15:35
HARDWYN,INE626Z01029,12/10/2024,NSE,EQ,EQ,buy,FALSE,39,31.99,206946125,1.1E+15,2024-12-10T13:46:35
HARDWYN,INE626Z01029,12/10/2024,NSE,EQ,EQ,buy,FALSE,11,32,206946126,1.1E+15,2024-12-10T13:46:35
PAISALO,INE420C01059,12/11/2024,NSE,EQ,EQ,buy,FALSE,100,61.07,403522339,1.2E+15,2024-12-11T11:14:16
RUSHIL,INE573K01025,12/11/2024,BSE,EQ,B,buy,FALSE,60,37.02,19008700,1.7339E+18,2024-12-11T11:15:33
WABAG,INE956G01038,12/11/2024,BSE,EQ,A,buy,FALSE,1,1814.25,8578400,1.7339E+18,2024-12-11T12:19:22
EVEXIA,INE313M01030,12/11/2024,BSE,EQ,X,buy,FALSE,90,4.05,18104900,1.73389E+18,2024-12-11T13:01:19
WABAG,INE956G01038,12/12/2024,NSE,EQ,EQ,sell,FALSE,1,1825.349976,603592112,1.3E+15,2024-12-12T11:09:06
WABAG,INE956G01038,12/12/2024,NSE,EQ,EQ,sell,FALSE,1,1825.300049,603592113,1.3E+15,2024-12-12T11:09:06
DBEIL,INE0OPA01019,12/16/2024,NSE,EQ,EQ,buy,FALSE,15,203.240005,201763135,1.1E+15,2024-12-16T09:54:02
BAJAJHFL,INE377Y01014,12/16/2024,NSE,EQ,EQ,buy,FALSE,5,132.389999,1441352,1E+15,2024-12-16T09:58:21
HITECH,INE106T01025,12/17/2024,NSE,EQ,EQ,sell,FALSE,36,166.029999,204875805,1.1E+15,2024-12-17T12:24:03
HITECH,INE106T01025,12/17/2024,NSE,EQ,EQ,sell,FALSE,4,166.020004,204875806,1.1E+15,2024-12-17T12:24:03
DBEIL,INE0OPA01019,12/17/2024,BSE,EQ,B,buy,FALSE,15,193.5,7900000,1.73443E+18,2024-12-17T14:54:24
AERPACE,INE175N01023,12/19/2024,BSE,EQ,XT,buy,FALSE,50,39.5,3824600,1.73458E+18,2024-12-19T09:56:03
GAIL,INE129A01019,12/24/2024,NSE,EQ,EQ,buy,FALSE,20,198.419998,201610289,1.1E+15,2024-12-24T10:00:01
DBEIL,INE0OPA01019,12/24/2024,BSE,EQ,B,buy,FALSE,10,191,302398400,1.73501E+18,2024-12-24T10:00:39
MOSCHIP,INE935B01025,12/24/2024,BSE,EQ,B,buy,FALSE,3,217.449997,306307600,1.73501E+18,2024-12-24T10:08:34
KPITTECH,INE04I401011,12/24/2024,BSE,EQ,A,buy,FALSE,3,1444.199951,304657500,1.73501E+18,2024-12-24T10:21:22
HERITGFOOD,INE978A01027,12/24/2024,BSE,EQ,A,buy,FALSE,1,476.399994,304695600,1.73501E+18,2024-12-24T10:26:41
DBEIL,INE0OPA01019,12/24/2024,BSE,EQ,B,sell,FALSE,10,182.600006,308895800,1.73502E+18,2024-12-24T14:29:39
DBEIL,INE0OPA01019,12/24/2024,BSE,EQ,B,sell,FALSE,2,182.600006,308908200,1.73502E+18,2024-12-24T14:30:16
DBEIL,INE0OPA01019,12/24/2024,BSE,EQ,B,sell,FALSE,28,182.550003,308908400,1.73502E+18,2024-12-24T14:30:16
SAREGAMA,INE979A01025,12/27/2024,BSE,EQ,A,buy,FALSE,10,472.299988,2061300,1.73527E+18,2024-12-27T10:05:10
EVEXIA,INE313M01030,12/27/2024,BSE,EQ,X,buy,FALSE,150,3.48,6761200,1.73527E+18,2024-12-27T10:51:53
ZOMATO,INE758T01015,12/27/2024,BSE,EQ,A,buy,FALSE,8,272.149994,4611500,1.73527E+18,2024-12-27T10:53:05
EVEXIA,INE313M01030,12/31/2024,BSE,EQ,X,buy,FALSE,50,3.44,13832700,1.73562E+18,2024-12-31T11:52:40
ZOMATO,INE758T01015,1/2/2025,BSE,EQ,A,buy,FALSE,12,276.850006,2947900,1.73579E+18,2025-01-02T10:06:07
HINDCOPPER,INE531E01026,1/2/2025,BSE,EQ,A,buy,FALSE,5,248,1725000,1.73579E+18,2025-01-02T10:06:54
APOLLO,INE713T01028,1/2/2025,NSE,EQ,EQ,buy,FALSE,4,122.169998,1564517,1E+15,2025-01-02T10:13:58
HARDWYN,INE626Z01029,1/2/2025,NSE,EQ,EQ,buy,FALSE,4,18.950001,204290168,1.1E+15,2025-01-02T12:22:12
EVEXIA,INE313M01030,1/2/2025,BSE,EQ,X,buy,FALSE,4,3.54,20257200,1.73579E+18,2025-01-02T12:29:02
HINDCOPPER,INE531E01026,1/15/2025,BSE,EQ,A,buy,FALSE,5,225.300003,542800,1.73691E+18,2025-01-15T09:35:05
BAJAJHFL,INE377Y01014,1/15/2025,BSE,EQ,B,buy,FALSE,15,114,1245500,1.73691E+18,2025-01-15T09:35:20
AWHCL,INE01BK01022,1/15/2025,NSE,EQ,EQ,buy,FALSE,2,596.549988,1069209,1E+15,2025-01-15T09:35:37
HERITGFOOD,INE978A01027,1/15/2025,NSE,EQ,EQ,buy,FALSE,1,434.200012,201082889,1.1E+15,2025-01-15T09:35:47
IDFCFIRSTB,INE092T01019,1/15/2025,NSE,EQ,EQ,buy,FALSE,5,62.299999,201518324,1.1E+15,2025-01-15T09:49:22
NFL,INE870D01012,1/15/2025,NSE,EQ,EQ,buy,FALSE,2,107.389999,401821641,1.2E+15,2025-01-15T09:49:33
AXISBANK,INE238A01034,1/17/2025,BSE,EQ,A,sell,FALSE,20,986.299988,2916400,1.73709E+18,2025-01-17T09:50:38
MOSCHIP,INE935B01025,1/17/2025,BSE,EQ,B,buy,FALSE,15,209.350006,6667100,1.73708E+18,2025-01-17T10:14:58
ATVPR,INE447A01015,1/17/2025,BSE,EQ,X,buy,FALSE,100,43.290001,5233500,1.73708E+18,2025-01-17T10:15:40
KPITTECH,INE04I401011,1/17/2025,BSE,EQ,A,buy,FALSE,5,1311.75,6740700,1.73709E+18,2025-01-17T10:35:16
RELIANCE,INE002A01018,1/17/2025,BSE,EQ,A,buy,FALSE,2,1291.400024,8681200,1.73709E+18,2025-01-17T10:37:32
HINDCOPPER,INE531E01026,1/17/2025,BSE,EQ,A,buy,FALSE,10,240.850006,1149800,1.73709E+18,2025-01-17T10:41:32
APOLLO,INE713T01028,1/23/2025,BSE,EQ,B,buy,FALSE,4,140.75,7064100,1.73761E+18,2025-01-23T10:11:19
HARDWYN,INE626Z01029,1/23/2025,BSE,EQ,T,buy,FALSE,4,17.200001,1798400,1.7376E+18,2025-01-23T10:13:58
EVEXIA,INE313M01030,1/23/2025,BSE,EQ,X,buy,FALSE,3,3.28,18148000,1.7376E+18,2025-01-23T15:21:59
CDSL,INE736A01011,1/27/2025,NSE,EQ,EQ,buy,FALSE,5,1386.5,1821637,1E+15,2025-01-27T09:49:56
SAREGAMA,INE979A01025,1/27/2025,BSE,EQ,A,buy,FALSE,5,482.100006,3585300,1.73795E+18,2025-01-27T10:02:50
EVEXIA,INE313M01030,1/28/2025,BSE,EQ,X,buy,FALSE,23,2.92,1743100,1.73804E+18,2025-01-28T09:27:03
ATVPR,INE447A01015,1/28/2025,BSE,EQ,X,buy,FALSE,10,36.380001,4186900,1.73804E+18,2025-01-28T09:50:05
ZENTEC,INE251B01027,1/28/2025,BSE,EQ,A,sell,FALSE,10,1600.400024,3318600,1.73804E+18,2025-01-28T09:51:24
TATAPOWER,INE245A01021,1/28/2025,NSE,EQ,EQ,sell,FALSE,76,347.350006,603651544,1.3E+15,2025-01-28T10:19:27
TATAPOWER,INE245A01021,1/28/2025,NSE,EQ,EQ,sell,FALSE,50,347.350006,603651543,1.3E+15,2025-01-28T10:19:27
TATAPOWER,INE245A01021,1/28/2025,NSE,EQ,EQ,sell,FALSE,9,347.350006,603651542,1.3E+15,2025-01-28T10:19:27
TATAPOWER,INE245A01021,1/28/2025,NSE,EQ,EQ,sell,FALSE,15,347.399994,603651541,1.3E+15,2025-01-28T10:19:27
PDMJEPAPER,INE865T01018,1/28/2025,BSE,EQ,B,sell,FALSE,75,130.75,787100,1.73804E+18,2025-01-28T10:20:02
ZENTEC,INE251B01027,1/28/2025,BSE,EQ,A,buy,FALSE,1,1514.449951,6943800,1.73804E+18,2025-01-28T11:06:59
ZENTEC,INE251B01027,1/28/2025,BSE,EQ,A,buy,FALSE,9,1514.400024,6943600,1.73804E+18,2025-01-28T11:06:59
TATAPOWER,INE245A01021,1/28/2025,NSE,EQ,EQ,buy,FALSE,150,349.600006,608324629,1.3E+15,2025-01-28T13:08:47
IREDA,INE202E01016,1/29/2025,BSE,EQ,A,buy,FALSE,20,192.25,2349700,1.73812E+18,2025-01-29T09:24:49
ATVPR,INE447A01015,1/29/2025,BSE,EQ,X,buy,FALSE,19,36.799999,1619600,1.73812E+18,2025-01-29T09:25:09
ATVPR,INE447A01015,1/29/2025,BSE,EQ,X,buy,FALSE,25,36.599998,1619400,1.73812E+18,2025-01-29T09:25:09
ATVPR,INE447A01015,1/29/2025,BSE,EQ,X,buy,FALSE,25,36.450001,1619200,1.73812E+18,2025-01-29T09:25:09
ATVPR,INE447A01015,1/29/2025,BSE,EQ,X,buy,FALSE,21,36.299999,1619000,1.73812E+18,2025-01-29T09:25:09
VPRPL,INE0AE001013,1/29/2025,BSE,EQ,B,buy,FALSE,10,238.5,2040000,1.73812E+18,2025-01-29T09:25:18
IREDA,INE202E01016,1/29/2025,BSE,EQ,A,buy,FALSE,4,193.949997,4617600,1.73812E+18,2025-01-29T09:38:53
EVEXIA,INE313M01030,1/30/2025,BSE,EQ,X,buy,FALSE,40,3.06,5767500,1.73821E+18,2025-01-30T10:21:42
RVNL,INE415G01027,2/1/2025,BSE,EQ,A,sell,FALSE,40,437.850006,19952800,1.7384E+18,2025-02-01T13:15:09
AZAD,INE02IJ01035,2/3/2025,NSE,EQ,EQ,buy,FALSE,6,1491,22090,1E+15,2025-02-03T09:00:03
CDSL,INE736A01011,2/3/2025,NSE,EQ,EQ,buy,FALSE,4,1264.699951,1637236,1E+15,2025-02-03T09:43:29
SAREGAMA,INE979A01025,2/3/2025,NSE,EQ,EQ,buy,FALSE,1,484.100006,602465536,1.3E+15,2025-02-03T09:46:04
SAREGAMA,INE979A01025,2/3/2025,NSE,EQ,EQ,buy,FALSE,2,484.100006,602465537,1.3E+15,2025-02-03T09:46:04
SAREGAMA,INE979A01025,2/3/2025,NSE,EQ,EQ,buy,FALSE,1,484.100006,602465534,1.3E+15,2025-02-03T09:46:04
SAREGAMA,INE979A01025,2/3/2025,NSE,EQ,EQ,buy,FALSE,2,484.100006,602465535,1.3E+15,2025-02-03T09:46:04
SAREGAMA,INE979A01025,2/3/2025,NSE,EQ,EQ,buy,FALSE,1,483.950012,602465533,1.3E+15,2025-02-03T09:46:04
CDSL,INE736A01011,2/14/2025,NSE,EQ,EQ,buy,FALSE,3,1236.050049,215170,1E+15,2025-02-14T09:18:11
ENGINERSIN,INE510A01028,2/14/2025,NSE,EQ,EQ,buy,FALSE,1,163.720001,200403090,1.1E+15,2025-02-14T09:19:59
ENGINERSIN,INE510A01028,2/14/2025,NSE,EQ,EQ,buy,FALSE,10,163.720001,200403091,1.1E+15,2025-02-14T09:19:59
ENGINERSIN,INE510A01028,2/14/2025,NSE,EQ,EQ,buy,FALSE,14,163.720001,200403092,1.1E+15,2025-02-14T09:19:59
ZOMATO,INE758T01015,2/14/2025,BSE,EQ,A,buy,FALSE,10,217.649994,903700,1.7395E+18,2025-02-14T09:23:54
ZENTEC,INE251B01027,2/17/2025,NSE,EQ,EQ,buy,FALSE,9,1080,601638959,1.3E+15,2025-02-17T09:32:44
NFL,INE870D01012,2/17/2025,NSE,EQ,EQ,buy,FALSE,2,85.849998,405007807,1.2E+15,2025-02-17T10:40:11
NFL,INE870D01012,2/17/2025,NSE,EQ,EQ,buy,FALSE,1,85.839996,405007806,1.2E+15,2025-02-17T10:40:11
ZOMATO,INE758T01015,2/19/2025,NSE,EQ,EQ,buy,FALSE,10,232.889999,604785009,1.3E+15,2025-02-19T11:24:48
HERITGFOOD,INE978A01027,2/20/2025,BSE,EQ,A,buy,FALSE,3,401.100006,1773800,1.74002E+18,2025-02-20T09:49:56
ZENTEC,INE251B01027,2/20/2025,NSE,EQ,EQ,buy,FALSE,1,1118,601867734,1.3E+15,2025-02-20T09:50:44
ALFATRAN,INE209C01015,2/20/2025,BSE,EQ,X,buy,FALSE,4,72.800003,4285800,1.74002E+18,2025-02-20T09:51:39
EVEXIA,INE313M01030,3/3/2025,BSE,EQ,X,buy,FALSE,20,2.45,2786900,1.74097E+18,2025-03-03T09:30:25
ECORECO,INE316A01038,3/4/2025,BSE,EQ,T,buy,FALSE,10,554.950012,708600,1.74106E+18,2025-03-04T09:40:57
CDSL,INE736A01011,3/4/2025,NSE,EQ,EQ,buy,FALSE,3,1113.699951,1590615,1E+15,2025-03-04T09:44:18
HINDCOPPER,INE531E01026,3/4/2025,NSE,EQ,EQ,buy,FALSE,1,203.619995,201802009,1.1E+15,2025-03-04T09:44:36
HINDCOPPER,INE531E01026,3/4/2025,NSE,EQ,EQ,buy,FALSE,4,203.649994,201802010,1.1E+15,2025-03-04T09:44:36
EVEXIA,INE313M01030,3/4/2025,BSE,EQ,X,buy,FALSE,20,2.3,7422600,1.74106E+18,2025-03-04T10:58:13
EVEXIA,INE313M01030,3/5/2025,BSE,EQ,X,buy,FALSE,10,2.28,5768000,1.74115E+18,2025-03-05T10:20:38
ENGINERSIN,INE510A01028,3/24/2025,BSE,EQ,A,sell,FALSE,25,170.399994,3306500,1.74279E+18,2025-03-24T10:03:01
AZAD,INE02IJ01035,3/24/2025,BSE,EQ,A,buy,FALSE,2,1456.75,1734000,1.74279E+18,2025-03-24T10:07:22
BHEL,INE257A01026,3/24/2025,NSE,EQ,EQ,buy,FALSE,5,216.139999,2135356,1E+15,2025-03-24T10:08:58
ZOMATO,INE758T01015,3/24/2025,BSE,EQ,A,buy,FALSE,1,225.5,3915300,1.74279E+18,2025-03-24T10:46:21
